2139 3299
943 277 1061 334 [269]
1698 279 1746 319 31

257 405 364 447 inter
394 409 617 461 utrumque
649 405 787 447 locum
818 404 994 458 intersit,
1025 405 1106 446 hoc
1136 405 1226 446 miri
1259 405 1360 446 nihil
1390 403 1530 447 habet.
1588 404 1749 447 Verum

254 474 295 513 in
337 487 374 514 v,
415 476 468 515 66
514 475 703 515 Minerva
749 473 1143 527 Bellerophontem,
1189 488 1285 514 cum
1331 473 1537 514 habenam
1580 488 1748 515 auream

254 540 306 582 ad
348 541 558 597 Pegasum
603 540 857 583 domandum
902 540 1124 583 dormienti
1167 542 1377 594 attulerit,
1423 541 1647 593 admonet,
1691 546 1749 594 ut,

256 610 493 663 priusquam
550 624 677 664 grave
729 610 833 650 illud
889 623 994 663 opus
1051 610 1343 663 aggrediatur,
1405 611 1576 665 Δαμαίῳ
1631 611 1753 661 πατρί

257 683 419 720 taurum
468 677 665 721 immolet.
745 677 910 719 Etenim
956 676 1164 719 Pindarus
1212 676 1585 733 Bellerophontem
1629 676 1750 733 fingit

257 745 385 785 filium
409 746 596 800 Neptuni
626 746 768 799 ipsius,
802 759 894 785 cum
920 745 1103 786 Glaucus
1134 746 1241 786 illius
1272 750 1393 799 pater
1424 747 1532 787 inter
1560 747 1748 786 homines

253 812 417 856 habitus
460 816 533 867 sit,
586 814 694 856 sicut
738 813 990 869 Amphitryo
1032 812 1240 856 Herculis.
1314 814 1450 862 Quam
1494 812 1749 869 Neptuniam

254 880 590 937 Bellerophontis
631 882 831 935 originem
872 895 954 922 non
996 882 1130 921 solum
1165 881 1361 936 Hyginus
1403 881 1486 923 fab.
1532 884 1609 922 157
1652 896 1749 922 con-

261 948 418 1004 firmat,
439 936 522 991 fsed
555 950 679 991 etiam
712 948 925 990 Homerus
957 948 1191 1003 significare
1231 948 1418 1001 videtur,
1463 949 1533 1005 qui
1564 948 1748 991 Bellero-

255 1018 457 1070 phontem
486 1019 527 1059 in
558 1017 692 1059 Iliade
713 1017 775 1057 VI
799 1019 893 1070 191,
925 1030 1175 1072 quamquam
1207 1018 1347 1071 paullo
1381 1022 1506 1059 antea
1540 1017 1747 1059 Glaucum

255 1091 418 1139 patrem
437 1087 525 1128 eius
545 1090 867 1138 memoraverat,
883 1090 1022 1126 tamen
1041 1089 1143 1126 θεοῦ
1158 1084 1275 1137 γονον
1290 1087 1531 1127 nominavit.
1565 1088 1749 1138 Δαμαῒος

253 1160 391 1195 autem
425 1154 646 1208 Neptunus
679 1153 829 1194 dicitur
869 1158 1042 1207 propter
1083 1167 1216 1208 equos
1257 1153 1459 1205 domitos,
1503 1154 1609 1195 sicut
1649 1154 1747 1194 alibi

257 1236 488 1276 cognomen
507 1220 658 1271 Ἵππιος
688 1222 726 1262 ei
756 1221 931 1261 inditum
963 1226 1038 1263 est.
1089 1221 1313 1262 Postremo
1337 1222 1378 1263 in
1400 1237 1440 1263 v,
1465 1224 1516 1262 78
1539 1221 1747 1263 Pindarus

256 1289 441 1344 Neptuni
473 1303 624 1331 nomen
655 1289 712 1330 ita
744 1289 935 1339 variavit,
963 1294 1008 1329 ut
1030 1293 1170 1330 vetere
1191 1289 1260 1329 illo
1284 1294 1410 1344 atquc
1434 1289 1660 1331 Homerico
1683 1304 1747 1331 co·

254 1360 448 1413 gnomine
479 1358 710 1413 appellaret
743 1356 932 1410 γαιάοχον
963 1355 1220 1409 εὐρυσθενέα.

387 1427 585 1468 Similiter
617 1428 656 1466 in
690 1427 872 1467 carmine
905 1426 1084 1480 Pythico
1117 1430 1263 1479 quarto
1296 1431 1517 1480 postquam
1549 1427 1587 1466 in
1622 1439 1659 1467 V.
1693 1429 1743 1467 33

253 1495 474 1550 Neptunus
506 1495 642 1535 verbis
683 1492 878 1547 γαιαόχου
917 1492 1100 1548 ἀφθίτου
1132 1492 1325 1535 Ἐννοσίδα
1367 1498 1538 1535 notatus
1580 1500 1663 1548 est,
1707 1495 1746 1535 in

252 1578 291 1605 v.
315 1565 367 1604 45
391 1562 543 1603 mentio
567 1563 612 1603 fit
643 1561 849 1615 ἱππάρχου
871 1559 1169 1610 Ποσειδάωνος,
1191 1575 1295 1615 quae
1316 1566 1476 1602 mutato
1499 1563 1747 1615 cognomine

252 1633 292 1672 in
334 1644 371 1672 v,
415 1631 517 1682 138,
559 1631 632 1671 ubi
674 1631 851 1683 legimus
898 1630 1136 1678 Ποσειδᾶνος
1180 1630 1402 1681 Πετραίου,
1453 1631 1628 1684 repetita
1670 1634 1745 1671 est.

253 1699 507 1753 Cognomine
555 1699 663 1740 enim
712 1700 910 1750 Πετραῖος
953 1697 1172 1753 Neptunus
1217 1704 1326 1739 teste
1369 1699 1589 1740 scholiasta
1633 1699 1745 1754 apud

252 1768 474 1809 Thessalos
515 1767 743 1808 colebatur.
804 1756 886 1808 Se'd
928 1772 1150 1821 postquam
1194 1768 1233 1807 in
1266 1782 1304 1808 v.
1340 1767 1417 1808 173
1450 1768 1655 1809 Pindarus
1691 1767 1743 1808 ad

252 1850 402 1877 nomen
440 1835 634 1876 Ἐννοσίδα
669 1834 814 1887 rediit,
855 1835 898 1875 in
938 1848 974 1875 v,
1007 1836 1088 1876 204
1131 1835 1251 1875 deum
1294 1835 1431 1876 verbis
1465 1835 1746 1884 Ποσειδάωνος

252 1904 425 1944 εἰναλίου
457 1904 694 1958 compellat.
746 1904 796 1944 In
827 1918 865 1945 V.
890 1905 970 1944 207
1005 1908 1145 1944 autem
1167 1902 1386 1957 Neptunus
1418 1918 1528 1945 novo
1563 1905 1745 1959 quodam

253 1977 380 2027 atque
410 1973 625 2027 aptissimo
658 1972 830 2013 artificio
853 1971 1003 2013 dicitur
1035 1970 1227 2021 δεσπότας
1259 1975 1376 2012 ναιῦν.
1429 1972 1581 2027 Itaque
1603 1986 1744 2027 quam-

253 2055 375 2096 quam
408 2045 449 2081 et
478 2041 518 2080 in
550 2055 589 2082 v.
622 2043 674 2081 45
708 2045 752 2082 et
781 2042 822 2081 in
853 2055 890 2081 v.
927 2042 1006 2081 138
1049 2044 1090 2081 et
1128 2040 1169 2080 in
1199 2053 1236 2080 V.
1270 2041 1350 2081 204
1391 2040 1538 2082 eodem
1577 2041 1744 2082 nomine

255 2110 422 2164 proprio
453 2107 690 2149 Ποσειδάων
721 2110 959 2164 appellatus
991 2112 1074 2161 est,
1118 2114 1253 2149 tamen
1297 2109 1542 2163 cognomine
1584 2115 1745 2152 mutato

253 2177 461 2218 Pindarus
485 2178 734 2218 varietatem
764 2178 975 2231 quandam
997 2177 1213 2232 appetivit,
1246 2190 1353 2231 quae
1374 2177 1415 2217 in
1436 2178 1518 2218 fine
1541 2179 1745 2231 carminis,

254 2246 295 2287 in
327 2258 405 2299 quo
436 2244 622 2298 Neptuni
655 2246 819 2300 saepius
851 2246 1006 2286 mentio
1039 2246 1096 2298 fit,
1130 2245 1308 2285 maxima
1341 2248 1416 2286 est.

388 2312 486 2353 Huc
517 2313 690 2366 accedit,
723 2313 835 2368 quod
857 2313 1067 2354 Pindarus
1099 2314 1225 2354 etiam
1257 2313 1297 2353 in
1321 2314 1502 2355 carmine
1525 2314 1743 2369 Olympico

252 2386 382 2434 sexto,
418 2381 488 2422 ubi
518 2381 695 2436 legimus
726 2396 765 2423 v.
800 2383 851 2423 29
885 2380 1134 2423 Ποσειδάωνι
1167 2381 1348 2438 Κρονιίιο,
1379 2395 1414 2422 V.
1448 2383 1500 2423 58
1533 2382 1744 2423 Ποσειδᾶν’

252 2450 454 2504 εὐρυβίαν,
494 2465 532 2492 v.
569 2451 790 2492 104-105
819 2449 1138 2504 χρυσαλακάτοιο
1169 2449 1280 2500 πόσις
1313 2449 1595 2506 Ἀμφιτρίτας,
1632 2458 1673 2493 et
1703 2452 1744 2493 in

254 2521 435 2561 carmine
481 2518 698 2575 Olympico
741 2523 911 2573 octavo,
959 2519 1031 2561 ubi
1075 2524 1215 2560 exstat
1254 2519 1294 2560 in
1336 2534 1373 2561 v.
1416 2520 1465 2560 31
1512 2518 1746 2572 εὐρυμέδων

258 2591 456 2629 Ποσειδᾶν
498 2591 538 2628 et
576 2588 616 2627 in
658 2602 697 2628 v.
730 2589 784 2628 48
819 2586 1116 2641 Ὀρσοτρίαινα,
1159 2593 1200 2629 et
1241 2588 1281 2628 in
1323 2588 1504 2629 carmine
1545 2589 1744 2631 Isthmico

253 2658 398 2712 primo,
439 2655 512 2696 ubi
549 2654 706 2709 legitur
747 2657 788 2697 in
828 2671 868 2697 v.
900 2658 954 2697 28
989 2655 1235 2697 Ποσειδάωνι
1278 2661 1318 2696 et
1358 2655 1398 2696 in
1432 2670 1468 2697 v,
1501 2658 1554 2697 46
1589 2655 1746 2709 Κρόνου

253 2722 469 2778 σεισίχθον’
516 2722 625 2773 υἱόν,
682 2723 928 2779 Neptunum
978 2725 1096 2766 novis
1142 2725 1352 2779 variisque
1396 2725 1747 2779 appellationibus

251 2792 439 2834 donavit.

388 2860 455 2902 Ab
489 2859 567 2902 hac
598 2859 762 2902 dicendi
794 2860 989 2903 ubertate
1018 2861 1059 2902 in
1080 2861 1277 2917 Apolline
1309 2865 1350 2903 et
1370 2860 1566 2917 Neptuno
1588 2874 1747 2902 nuncu-

251 2929 399 2987 pandis
430 2943 454 2971 a
485 2928 668 2973 Pindaro
700 2936 902 2986 usurpata
931 2930 1032 2972 illud
1069 2931 1240 2973 multum
1274 2930 1503 2986 discrepat,
1533 2930 1645 2986 quod
1677 2930 1747 2972 ubi
