2139 3299
332 257 386 301 20
1023 199 1143 314 i258]

331 386 640 442 prominentem
691 385 771 427 sita
820 384 954 426 tribus
1006 383 1178 425 urbibus
1223 383 1382 435 Lindo,
1443 385 1607 442 Ialyso,
1665 372 1831 430 Camiro

333 455 586 496 excellebat.
660 454 778 501 Quae
822 453 945 493 urbes
992 465 1085 491 cum
1128 466 1153 492 a
1184 452 1432 507 Tlepolemo
1474 452 1722 508 Heraclida,
1765 456 1835 510 qui

332 528 502 578 propter
535 523 706 576 cognati
735 534 876 561 necem
909 519 1114 574 Tirynthe
1145 534 1199 560 ex
1230 522 1365 574 patria
1401 523 1603 576 expulsus
1633 524 1832 577 Apolline

333 595 507 632 auctore
538 591 734 632 Rhodum
765 604 811 630 se
846 588 1096 641 contulerat,
1128 588 1320 629 conditae
1351 589 1604 643 dicerentur,
1625 592 1833 633 Pindarus

334 659 406 700 ubi
437 658 490 700 ad
523 659 645 698 huius
677 656 814 698 herois
846 655 993 697 laudes
1026 657 1188 709 transit,
1219 655 1361 697 Rhodi
1387 671 1542 699 nomen
1563 658 1621 700 ita
1643 660 1834 713 declinat,

334 734 380 768 ut
411 727 480 768 ille
512 727 551 766 in
584 739 620 766 ν.
653 726 707 766 30
748 723 909 766 dicatur
948 725 1070 765 τοῖσδε
1105 723 1262 778 χθονός
1301 724 1490 779 οἰκιστήρ.
1550 725 1658 768 Nam
1702 729 1834 780 „hanc

335 794 514 837 terram“
548 793 747 834 Rhodum
781 805 870 833 esse
901 791 1023 833 facile
1057 793 1332 846 cognoscitur.
1393 793 1475 835 Sed
1508 795 1547 836 in
1582 809 1619 837 v,
1652 798 1833 850 33—34‚

335 878 430 905 cum
479 861 692 904 oraculum
739 859 986 915 Tlepolemo
1037 861 1090 900 ab
1135 861 1332 915 Apolline
1381 862 1539 904 editum
1589 864 1833 919 explicetur,

333 932 474 988 paullo
530 930 747 972 obscurius
799 929 1063 971 oraculorum
1117 943 1231 971 more
1283 936 1411 986 poeta
1460 930 1660 974 Rhodum
1717 940 1835 976 vocat

333 999 651 1055 ἀμφιθάλασσον
693 997 836 1049 νομόν,
876 997 979 1038 ἔνθα
1022 998 1118 1038 ποτὲ
1155 997 1274 1052 βρέχε
1304 1003 1418 1040 θεῶν
1448 998 1631 1052 βασιλεύς
1659 1000 1679 1041 ὁ
1709 1001 1835 1055 μέγας

329 1067 520 1123 χρυσέαις
566 1066 773 1121 νιφάδεσσι
819 1065 947 1106 πόλιν.
1031 1066 1110 1107 His
1158 1067 1265 1108 enim
1313 1068 1449 1110 verbis
1502 1070 1735 1111 orationem
1780 1070 1833 1112 ad

334 1138 612 1179 vetustiorem
638 1136 751 1176 illam
773 1135 963 1176 fabulam
985 1134 1194 1176 Rhodiam
1218 1136 1413 1188 traducit,
1445 1137 1673 1179 secundum
1698 1152 1833 1194 quam,

335 1221 429 1247 cum
475 1206 664 1246 Minerva
710 1208 809 1245 nata
850 1209 986 1257 esset,
1029 1203 1222 1258 Iuppiter
1260 1204 1415 1246 Rhodo
1462 1206 1622 1247 insulae
1663 1220 1833 1248 auream

336 1275 521 1330 pluviam
555 1273 732 1324 demisit,
765 1276 806 1312 et
828 1271 935 1312 Solis
968 1271 1038 1311 filii
1071 1271 1192 1313 deam
1222 1272 1346 1327 primi
1378 1273 1515 1314 colere
1538 1288 1562 1314 a
1585 1278 1703 1328 patre
1732 1275 1834 1316 iussi

335 1348 456 1394 sunt,
488 1343 560 1397 qui
591 1356 685 1382 cum
716 1354 833 1381 sacra
863 1341 997 1380 minus
1030 1346 1143 1380 recte
1173 1341 1394 1394 fecissent,
1431 1342 1613 1382 malebat
1645 1343 1834 1385 Minerva

335 1410 512 1453 Athenis
557 1409 762 1450 habitare.
833 1407 997 1448 Deinde
1040 1411 1266 1463 postquam
1308 1410 1350 1449 in
1393 1422 1431 1450 v,
1476 1411 1529 1450 56
1574 1414 1721 1465 poeta,
1765 1412 1835 1453 ubi

334 1479 719 1534 antiquissimarum
751 1476 803 1518 de
833 1477 996 1518 insulae
1030 1477 1191 1531 origine
1221 1477 1460 1518 fabularum
1497 1480 1735 1521 memoriam
1771 1495 1835 1521 re-

339 1550 565 1603 dintegrat,
599 1547 651 1589 ad
682 1546 825 1589 Rhodi
857 1561 1009 1588 nomen
1041 1549 1232 1598 recurrit,
1264 1548 1306 1589 in
1338 1562 1374 1589 v,
1409 1550 1461 1590 70
1494 1549 1659 1592 victoris
1700 1551 1834 1605 patria

336 1623 456 1667 νᾶσος
486 1618 649 1658 dicitur.
697 1616 780 1657 Sed
803 1616 885 1656 iam
905 1616 947 1656 in
969 1630 1007 1657 v,
1032 1618 1079 1656 71
1105 1616 1282 1657 Rhodus
1306 1616 1445 1658 denuo
1468 1619 1638 1672 proprio
1670 1621 1833 1662 nomine

337 1687 599 1742 appellatur,
644 1685 714 1727 ubi
756 1685 833 1727 etsi
874 1698 959 1726 non
1002 1683 1159 1738 insula,
1205 1684 1278 1726 sed
1320 1685 1506 1741 nympha
1550 1686 1834 1742 intellegenda

339 1761 415 1808 est,
448 1762 588 1795 tamen
610 1768 703 1794 cum
726 1753 932 1793 Pindarus
956 1752 1008 1793 de
1033 1753 1239 1794 industria
1261 1754 1367 1794 hanc
1388 1768 1463 1808 pro
1485 1754 1557 1795 illa
1579 1756 1833 1799 substituere

340 1823 545 1877 videatur,
566 1821 677 1863 idem
694 1834 861 1874 nomen,
886 1820 997 1876 quod
1019 1821 1060 1862 in
1078 1835 1117 1863 v.
1135 1822 1188 1862 56
1206 1821 1591 1876 dreprehendimus,
1609 1826 1834 1879 repetitum

339 1908 431 1935 esse
467 1891 758 1932 concedemus.
820 1890 1085 1945 Quamquam
1125 1892 1159 1930 si
1198 1895 1330 1931 totum
1372 1890 1459 1932 fere
1501 1898 1686 1947 systema
1726 1895 1835 1937 inter

339 1966 564 2015 utrumque
614 1959 751 2000 locum
805 1958 1005 2000 interesse
1054 1959 1419 2014 perpenderimus,
1478 1959 1707 2006 Pindarum
1756 1978 1832 2006 suo

339 2028 650 2085 quodammodo
681 2028 770 2069 iure
798 2027 850 2067 ad
873 2027 1052 2082 priorem
1074 2027 1399 2082 appellationem
1421 2029 1645 2071 recurrisse
1666 2032 1835 2085 profite-

340 2100 496 2150 bimur,
542 2097 786 2152 praesertim
834 2111 926 2137 cum
973 2097 1340 2139 circumlocutione
1384 2111 1459 2152 per
1499 2098 1674 2140 verbum
1717 2104 1836 2151 νᾶσος

340 2169 500 2208 inserta
540 2166 658 2219 quasi
702 2165 964 2206 excusaverit
1009 2165 1116 2206 hanc
1161 2166 1385 2212 licentiam.
1456 2165 1525 2206 Ad
1576 2173 1834 2222 postremum

340 2242 481 2278 autem
515 2236 556 2276 in
587 2248 622 2276 V.
655 2236 706 2276 75
737 2240 866 2288 poeta
896 2233 1004 2275 Solis
1036 2241 1077 2276 et
1108 2234 1246 2277 Rhodi
1280 2240 1456 2289 nepotes
1487 2237 1693 2288 πατρωίαν
1722 2242 1836 2290 γαῖαν

340 2304 552 2360 tripertito
576 2302 764 2343 divisisse
786 2316 959 2344 narrans
980 2316 1057 2357 per
1077 2303 1275 2357 ambages
1294 2304 1457 2344 insulae
1473 2318 1627 2345 nomen
1642 2305 1834 2357 reddidit,

340 2388 436 2416 cum
467 2373 603 2427 patria
633 2376 743 2413 terra
773 2371 1056 2425 intellegenda
1086 2372 1138 2412 sit
1159 2371 1349 2423 Rhodus,
1380 2386 1505 2426 quam
1536 2372 1620 2424 Sol,
1652 2388 1744 2414 cum
1770 2375 1835 2416 dei

340 2444 380 2484 in
404 2442 609 2482 divisione
632 2439 742 2480 orbis
763 2442 964 2481 terrarum
984 2440 1147 2480 absenti
1160 2440 1418 2494 provinciam
1437 2441 1593 2482 nullam
1611 2441 1835 2494 dedissent,
1895 2465 1905 2472 ·

340 2516 426 2552 tum
459 2509 568 2550 forte
599 2522 653 2549 ex
684 2508 790 2548 mari
820 2508 1105 2548 suborientem
1136 2508 1215 2548 sibi
1245 2508 1564 2562 depoposcerat.

477 2576 601 2618 Nunc
628 2575 680 2617 ad
707 2574 1028 2618 considerandas
1051 2579 1286 2618 ceterorum
1308 2576 1512 2618 victorum
1534 2576 1690 2631 patrias
1713 2578 1836 2621 urbes

341 2661 418 2688 nos
449 2650 765 2694 convertamus,
807 2658 936 2699 quae,
966 2649 1189 2699 postquam
1218 2645 1424 2685 rationem
1456 2649 1497 2685 et
1528 2646 1640 2686 viam
1670 2647 1837 2688 nomina

341 2714 527 2756 variandi
559 2728 584 2754 a
605 2713 789 2755 Pindaro
821 2713 1054 2754 institutam
1077 2713 1175 2754 satis
1198 2713 1470 2767 ostendimus,
1504 2713 1670 2755 brevius
1692 2716 1834 2770 paullo

341 2783 511 2825 tractari
542 2789 739 2837 possunt:
784 2783 832 2823 In
865 2784 1047 2823 carmine
1079 2781 1299 2837 Olympico
1331 2797 1460 2834 nono,
1503 2796 1586 2837 quo
1617 2782 1738 2824 Locri
1771 2798 1837 2826 cu-

340 2851 502 2892 iusdam
527 2851 703 2906 Opuntii
733 2851 906 2892 victoria
937 2851 1183 2904 celebratur,
1217 2850 1468 2892 OPUNTIS
1501 2865 1651 2892 nomen
1675 2853 1835 2895 varium

339 2919 380 2961 in
411 2918 581 2960 modum
610 2917 820 2959 redditum
854 2924 930 2960 est.
991 2918 1095 2958 Post
1134 2918 1349 2973 proprium
1391 2919 1499 2959 enim
1532 2918 1655 2959 urbis
1686 2933 1835 2963 nomen
