2139 3299
362 243 418 284 26
1056 239 1175 295 [264]

361 367 689 421 appellationem
721 367 892 409 revertit
923 380 1058 421 neque
1091 380 1273 421 unquam
1296 366 1408 407 idem
1430 380 1580 407 nomen
1605 368 1714 407 intra
1736 364 1856 407 unius

362 436 777 491 systematiscorpus
798 435 1003 490 repetivit,
1026 448 1122 476 cum
1143 436 1267 476 etiam
1291 435 1399 476 inter
1420 448 1564 476 versus
1586 437 1639 476 56
1662 438 1703 476 et
1729 435 1796 486 62,
1817 434 1858 474 in

362 503 514 559 quibus
546 504 704 546 nudum
727 503 921 546 Hieronis
952 517 1106 545 nomen
1128 503 1293 558 legitur,
1317 502 1412 544 novi
1433 503 1674 557 systematis
1695 501 1857 542 initium

361 573 518 615 factum
546 574 611 614 sit.
660 572 818 613 Eadem
833 572 1058 625 diligentia
1080 572 1185 613 hanc
1207 572 1392 626 regulam
1415 571 1456 611 in
1479 572 1658 612 carmine
1680 570 1858 625 Pythico

362 646 512 684 octavo
546 641 795 694 observavit,
827 654 901 697 per
925 641 1035 697 quod
1061 641 1340 683 Aristomenis
1363 639 1629 695 Aeginensis,
1651 638 1857 681 Xenarcis

362 711 448 763 filii,
470 710 642 752 victoria
665 710 874 751 celebrata
896 715 972 751 est.
1022 709 1189 750 Etenim
1211 710 1326 750 initio
1350 709 1461 749 facto
1484 709 1525 749 in
1543 721 1579 748 v.
1600 710 1624 749 5
1648 722 1673 748 a
1692 707 1856 748 victoris

361 779 529 820 nomine
558 778 727 832 proprio
759 783 887 831 poeta
916 778 958 818 in
991 791 1025 818 ν.
1062 779 1109 818 19
1129 779 1225 819 -20
1258 791 1352 819 eum
1382 781 1596 831 nuncupat
1621 774 1857 829 Ξενάρκειον

361 844 462 886 υἱόν.
525 845 609 886 Sed
651 849 871 900 postquam
890 865 894 869 ·
912 845 953 886 in
994 859 1030 885 v.
1072 847 1124 886 33
1165 859 1271 887 novo
1316 845 1497 900 quodam
1542 845 1715 886 artificio
1759 858 1859 885 usus

364 915 520 954 evitato
552 913 723 955 nomine
754 914 924 968 proprio
957 914 1075 954 illum
1107 913 1255 954 affatus
1288 920 1352 955 est
1385 910 1416 954 ὦ
1438 919 1515 954 παῖ
1551 939 1586 942 --
1626 927 1730 969 puer
1752 912 1860 953 enim

364 982 653 1023 Aristomenes
682 982 847 1037 Pythiis
886 983 1001 1023 lucta
1041 982 1198 1024 vicerat
1241 1006 1310 1035 —-,
1352 983 1392 1023 in
1425 995 1462 1024 v,
1495 983 1550 1023 80
1579 994 1733 1022 nomen
1763 993 1858 1034 pro-

294 1057 296 1059 ·
360 1048 498 1104 prium
526 1050 694 1104 repetit.

498 1117 590 1158 Iam
623 1131 722 1159 vero
753 1118 794 1159 in
833 1118 1015 1160 carmine
1046 1116 1258 1160 Nemeaeo
1300 1118 1431 1173 primo
1464 1116 1647 1159 Chromii
1689 1117 1858 1158 victoris

361 1199 515 1227 nomen
547 1190 611 1227 ter
643 1185 852 1228 diversum
883 1187 924 1228 in
956 1185 1127 1227 modum
1158 1187 1363 1228 variatum
1407 1190 1470 1228 est
1509 1185 1568 1240 (v,
1603 1188 1624 1227 7
1658 1186 1856 1238 Χρομίου,

364 1268 400 1297 v.
433 1256 457 1296 9
488 1255 618 1296 κείνου
649 1253 813 1309 ἀνδρός,
844 1270 881 1297 v.
914 1257 967 1298 20
998 1254 1139 1307 ἀνδρὸς
1169 1256 1403 1310 φιλοξείνου,
1434 1269 1472 1299 v.
1504 1257 1557 1297 29
1590 1252 1859 1309 Ἁγησιδάμου

362 1322 466 1377 παῖ).
540 1323 605 1363 Ad
651 1329 908 1378 postremum
953 1330 1000 1365 ut
1046 1339 1101 1365 ex
1143 1323 1351 1364 Isthmicis
1397 1337 1564 1379 quoque
1607 1324 1857 1365 carminibus

363 1391 565 1433 nonnulla
614 1406 856 1447 promamus
906 1393 1120 1447 exempla,
1171 1392 1293 1433 odam
1344 1396 1531 1447 quartam
1583 1397 1625 1433 et
1673 1393 1858 1446 quintam

363 1460 486 1500 huius
518 1459 610 1501 libri
643 1460 1005 1514 perlustrabimus,
1037 1461 1189 1515 quibus
1212 1461 1253 1500 in
1275 1460 1529 1513 Phylacidae
1550 1461 1858 1515 pancratiastae

362 1528 557 1569 victorias
588 1528 752 1582 scriptis
785 1533 826 1570 et
859 1528 983 1570 huius
1015 1533 1056 1570 et
1087 1528 1278 1583 Pytheae
1307 1528 1456 1580 fratris,
1490 1528 1719 1582 Lamponis
1753 1529 1857 1569 filio-

361 1611 477 1648 rum,
517 1595 663 1638 laudes
703 1611 787 1638 una
827 1600 1098 1652 peraguntur.
1158 1596 1349 1645 Quorum
1380 1597 1607 1638 carminum
1644 1597 1791 1652 prioris
1817 1597 1858 1638 in

362 1681 402 1707 v.
437 1667 602 1707 16—17
636 1666 804 1707 nomina
835 1667 1005 1721 propria
1050 1667 1223 1707 fratrum
1264 1671 1507 1719 occurrunt,
1549 1666 1619 1707 sed
1661 1667 1702 1707 in
1733 1681 1769 1709 v.
1806 1668 1856 1708 19

361 1733 568 1775 Pindarus
600 1747 650 1774 ea
678 1747 754 1788 per
785 1734 985 1788 ambages
1026 1735 1084 1775 ita
1129 1734 1354 1788 expressit,
1398 1739 1444 1775 ut
1486 1748 1581 1775 cum
1611 1733 1768 1776 Gratiis
1812 1749 1857 1775 se

362 1802 526 1843 venisse
565 1801 798 1854 Λάμπωνος
837 1802 937 1852 υἱοῖς
987 1807 1168 1845 caneret.
1238 1802 1328 1844 Nec
1368 1816 1487 1844 secus
1527 1803 1569 1843 in
1609 1815 1645 1843 V.
1677 1804 1743 1847 49,
1785 1803 1857 1843 ubi

361 1870 538 1924 legimus
578 1868 719 1922 γενεὰν
758 1871 997 1919 Κλεονίκου,
1041 1871 1205 1924 signum
1247 1871 1350 1912 latet
1390 1871 1619 1926 Lamponis
1662 1871 1856 1923 filiorum,

362 1939 557 1992 quoniam
596 1937 816 1979 Cleonicus
859 1937 936 1979 fuit
978 1952 1081 1979 avus
1125 1938 1314 1994 Pytheae
1357 1943 1401 1980 et
1441 1938 1710 1993 Phylacidae.
1770 1937 1858 1979 Sub

361 2006 484 2047 finem
517 2009 660 2046 autem
689 2005 882 2047 carminis
915 2005 1061 2048 horum
1092 2007 1260 2048 nomina
1289 2006 1380 2061 ipsa
1410 2006 1450 2047 in
1482 2020 1520 2048 v.
1545 2007 1713 2047 53«-54
1740 2020 1858 2060 repe-

361 2078 517 2116 tuntur,
578 2073 685 2114 Item
716 2074 757 2113 in
789 2074 985 2128 carmine·
1005 2074 1204 2116 Isthmico
1238 2075 1406 2129 quinto,
1438 2089 1518 2129 quo
1551 2088 1645 2115 cum
1677 2074 1856 2116 filiorum

361 2146 451 2182 tum
483 2143 631 2197 patris,
664 2147 710 2183 ut
738 2144 810 2198 qui
841 2156 912 2184 eos
945 2143 996 2183 ad
1041 2147 1157 2183 tanta
1197 2143 1383 2184 facinora
1423 2143 1684 2195 educaverit,
1725 2143 1857 2197 gloria

361 2216 605 2263 exornatur,
636 2211 860 2266 Lamponis
891 2225 1043 2253 nomen
1076 2217 1300 2267 postquam
1333 2211 1374 2252 in
1404 2224 1441 2253 v,
1474 2213 1498 2253 3
1529 2210 1640 2252 nude
1677 2211 1855 2266 positum

362 2284 438 2331 est,
469 2279 511 2319 in
543 2293 582 2320 v.
618 2281 668 2319 16
710 2280 767 2320 ita
801 2281 1004 2332 variatur,
1045 2285 1091 2321 ut
1131 2280 1201 2321 ille
1241 2279 1403 2321 dicatur
1445 2279 1465 2320 ὁ
1502 2279 1719 2321 Κλεοὶιίκου
1754 2283 1857 2329 παῖς.

360 2346 450 2389 Nec
493 2348 628 2389 minus
660 2348 827 2389 victoris
867 2355 987 2403 pater
1017 2349 1057 2390 in
1090 2363 1126 2389 V.
1163 2350 1212 2390 18
1253 2349 1534 2404 appellatione
1569 2346 1708 2400 ἀνδρὸς
1739 2349 1858 2401 φίλου

359 2420 541 2457 notatur.
603 2415 711 2457 Nam
741 2416 940 2458 dilectum
970 2417 1117 2467 virum,
1148 2418 1267 2458 cuius
1297 2417 1518 2472 postulatis
1549 2422 1595 2458 ut
1627 2417 1858 2471 obsequan-

360 2490 439 2536 tur,
470 2484 679 2526 Pindarus
701 2485 856 2526 Parcas
877 2485 989 2539 ipsas
1012 2490 1221 2539 precatur,
1243 2486 1504 2541 Lamponem
1528 2485 1858 2538 intellegendum

360 2566 451 2594 esse
481 2553 549 2594 vel
579 2568 633 2594 ex
665 2567 715 2595 eo
760 2559 959 2608 apparet,
1003 2553 1114 2609 quod
1154 2553 1297 2609 paullo
1339 2558 1462 2595 antea
1494 2554 1720 2609 Lamponis
1752 2553 1857 2594 desi-

359 2620 517 2662 derium
549 2623 590 2662 in
620 2621 751 2662 isdem
786 2621 955 2673 studiis,
998 2622 1148 2676 quibus
1189 2626 1275 2662 tum
1319 2621 1485 2662 deditus
1523 2626 1635 2671 erat,
1680 2627 1856 2662 mortem

359 2687 541 2729 obeundi
573 2688 812 2745 expositum
844 2692 918 2730 est.
980 2688 1151 2744 Optimo
1184 2692 1324 2730 autem
1356 2689 1445 2730 iure
1485 2688 1527 2730 in
1560 2701 1597 2731 ν.
1636 2689 1689 2730 66
1729 2691 1857 2743 poeta

357 2757 409 2797 ad
441 2771 595 2798 nomen
627 2757 844 2812 proprium
875 2759 1004 2811 patris
1036 2758 1226 2799 recurrit.

494 2824 572 2867 His
605 2823 808 2881 exemplis
838 2825 1027 2868 omnibus
1061 2824 1310 2878 ostenditur,
1341 2830 1498 2881 quanta
1525 2825 1856 2881 appellationum

357 2894 551 2937 ubertate
574 2894 781 2937 Pindarus
816 2895 995 2937 victores
1020 2910 1169 2936 ornare
1191 2895 1408 2937 studuerit.
1461 2895 1556 2936 Uno
1578 2900 1741 2936 tantum
1764 2896 1857 2935 loco
