2139 3299
397 234 450 280 36
678 249 682 259 ·
1083 230 1202 291 [274]

397 377 471 419 per
501 362 700 417 ambages
730 363 789 403 ita
818 361 1010 416 reddidit,
1043 366 1090 403 ut
1121 362 1250 403 rema
1269 360 1406 417 μα’τηρ
1438 362 1645 406 diceretur
1667 390 1719 396 —
1742 360 1886 408 Hebes

397 432 521 484 enim,
553 432 668 474 cuius
695 445 789 473 cum
810 430 996 473 Hercule
1016 430 1168 472 initum
1190 431 1501 473 matrimonium
1521 432 1598 475 hoc
1618 433 1709 476 loco
1733 447 1888 476 memo-

395 505 525 554 ratur,
556 504 691 542 mater
721 497 826 540 Iuno
859 504 946 540 erat
978 523 1029 528 —
1062 502 1204 542 tamen
1237 504 1278 541 et
1308 499 1350 540 in
1380 513 1418 541 v,
1453 501 1506 542 23
1538 506 1579 543 et
1608 502 1649 543 in
1680 516 1720 545 v.
1752 503 1806 543 36
1832 502 1885 544 ad

397 583 551 611 nomen
578 568 687 623 ’Ἡρα
724 568 860 610 rediit.
901 566 1048 623 Itaque
1080 582 1176 608 cum
1206 568 1310 609 haec
1339 569 1533 623 repetitio
1564 570 1672 612 intra
1701 570 1887 612 eiusdem

397 638 636 693 systematis
676 637 876 678 ambitum
918 637 1002 687 fiat,
1042 637 1122 678 hoc
1161 637 1328 692 quidem
1367 637 1460 679 loco
1494 638 1700 681 Pindarus
1744 643 1887 682 contra

396 707 535 762 legem
565 706 678 747 illam
708 705 807 747 alibi
838 705 1102 747 observatam
1141 705 1258 760 fecit,
1297 705 1371 747 sed
1415 720 1511 748 cum
1548 707 1657 750 duae
1689 707 1887 763 strophae

397 776 504 816 inter
533 780 759 829 utrumque
789 774 957 814 versum
988 774 1190 823 intersint,
1222 774 1415 828 repetitio
1449 775 1586 817 minus
1613 777 1790 818 molesta
1809 779 1883 817 est.

532 842 665 884 Porro
698 841 907 891 DIANA,
946 846 1172 896 postquam
1214 842 1406 884 carminis
1448 842 1657 898 Olympici
1696 845 1807 885 tertii
1844 845 1886 885 in

396 925 434 953 v.
467 911 519 951 26
551 914 717 960 Λατοῦς
747 908 920 951 ἱπποσόα
952 908 1139 963 θυγάτηρ
1169 910 1282 952 dicta
1313 915 1390 962 est,
1420 911 1462 952 in
1493 924 1531 954 V.
1554 913 1608 953 30
1640 912 1886 967 cognomine

389 977 597 1031 Ὀρθωσία
618 978 852 1033 insignitur.
893 978 1022 1020 Cuius
1044 980 1303 1033 cognominis
1326 978 1530 1033 originem
1555 980 1798 1027 scholiastes
1820 981 1886 1022 vel

396 1048 450 1088 ab
469 1047 678 1089 Arcadiae
708 1051 851 1088 monte
866 1046 1094 1099 Ὀρθώσιον
1123 1048 1211 1089 sive
1233 1046 1414 1100 ’Όρθιον
1434 1049 1500 1089 vel
1521 1063 1546 1089 a
1566 1049 1695 1090 verbo
1718 1048 1886 1103 ὀρθοῦν,

397 1131 492 1159 cum
518 1116 658 1158 Diana
689 1116 853 1158 feminis
883 1120 1048 1172 partum
1080 1115 1301 1158 edentibus
1332 1116 1479 1159 adesse
1508 1122 1740 1172 putaretur,
1770 1131 1887 1174 repe-

396 1186 502 1227 tivit.
565 1184 740 1225 Constat
772 1189 913 1225 autem
937 1184 1098 1225 Dianae
1127 1185 1197 1225 illo
1228 1185 1395 1226 nomine
1416 1185 1593 1241 Spartae
1620 1187 1758 1227 cultae
1789 1187 1886 1228 olim

396 1255 600 1295 humanas
651 1253 810 1294 oblatas
854 1267 944 1294 esse
990 1253 1192 1294 victimas.
1267 1253 1348 1301 Qui
1393 1268 1493 1295 usus
1537 1268 1619 1294 non
1666 1255 1801 1295 solum
1846 1257 1886 1296 in

395 1322 539 1363 fabula
560 1322 611 1363 de
632 1320 887 1362 immolanda
906 1320 1125 1375 Iphigenia
1146 1321 1406 1376 conspicitur,
1423 1321 1494 1363 sed
1517 1322 1639 1363 etiam
1659 1336 1886 1377 puerorum

395 1392 467 1432 illa
497 1392 535 1432 in
569 1405 641 1432 ara
672 1391 831 1431 Dianae
863 1390 1099 1431 verberatio
1132 1390 1228 1431 inde
1259 1391 1464 1444 originem
1505 1390 1637 1432 duxit.
1698 1391 1805 1433 Item
1844 1393 1883 1433 in

396 1459 577 1500 carmine
600 1457 777 1513 Pythice
809 1457 941 1498 altero
966 1457 1176 1499 Pindarus
1206 1472 1450 1513 progressus
1481 1459 1522 1500 in
1554 1473 1592 1500 v.
1617 1461 1638 1500 7
1671 1459 1724 1500 ab
1745 1460 1886 1515 appel-

395 1528 550 1569 latione
581 1525 795 1579 “Apama
833 1527 872 1567 in
905 1542 944 1568 v.
976 1529 1000 1568 9
1032 1526 1194 1568 Dianae
1224 1542 1375 1569 nomen
1409 1528 1681 1583 exquisitiore
1711 1529 1883 1570 artificio

395 1595 588 1638 reddidit.
649 1594 839 1649 Ἰοχέαιρα
870 1595 1073 1649 παρθένος
1116 1596 1223 1637 enim
1257 1595 1393 1637 Diana
1433 1602 1518 1650 est,
1560 1610 1666 1652 quae
1706 1596 1887 1639 venandi

394 1664 532 1705 studio
564 1665 674 1705 inter
705 1663 805 1704 deas
843 1671 933 1705 erat
974 1664 1160 1716 insignis.
1219 1664 1407 1705 Proximi
1446 1665 1639 1706 carminis
1679 1665 1721 1705 in
1762 1680 1802 1706 v.
1835 1667 1886 1706 10

392 1738 619 1788 postquam
660 1731 804 1774 eadem
837 1732 975 1773 denuo
1013 1732 1189 1787 primum
1219 1730 1411 1785 ’Ἄρτεμις
1450 1738 1596 1775 vocata
1638 1737 1722 1788 est,
1762 1738 1884 1787 poeta

392 1802 433 1842 in
455 1815 495 1843 v.
519 1802 584 1854 32,
616 1815 708 1842 cum
730 1800 870 1857 paullo
893 1805 1017 1842 antea
1039 1801 1248 1856 Apollinis
1271 1801 1524 1843 mentionem
1546 1800 1702 1856 fecerit,
1733 1815 1884 1844 nomen

395 1872 453 1912 ita
482 1871 669 1923 variavit,
702 1876 748 1911 ut
778 1884 869 1910 eam
902 1868 1144 1924 κασιγνήταν
1174 1870 1342 1911 diceret.

530 1938 671 1992 Atque
702 1937 828 1979 etiam
858 1936 1144 1978 LATONAM
1165 1936 1329 1978 Dianae
1359 1942 1537 1978 matrem
1558 1937 1680 1979 variis
1701 1939 1887 1993 appella-

392 2007 572 2048 tionibus
595 2020 619 2046 a
640 2005 822 2047 Pindaro
856 2010 1046 2047 ornatam
1078 2019 1168 2046 esse
1196 2004 1397 2047 docemur
1418 2019 1467 2046 eo
1492 2004 1742 2060 fragmento,
1774 2006 1885 2061 quod

393 2081 455 2118 est
477 2076 657 2131 primum
674 2075 784 2116 inter
804 2072 996 2127 προσόδια
1014 2074 1083 2127 (fr.
1100 2075 1153 2115 58
1170 2073 1280 2129 apud
1299 2073 1593 2129 Boeckhium).
1627 2074 1756 2116 Cuius
1775 2075 1885 2130 frag-

393 2146 521 2188 menti
548 2145 685 2200 priore
706 2145 746 2186 in
768 2149 885 2200 parte
908 2148 1035 2200 poeta
1055 2144 1223 2185 nomine
1245 2147 1413 2194 Λατοῦς
1434 2144 1577 2198 utitur,
1599 2144 1640 2185 in
1661 2144 1885 2200 posteriore

394 2213 444 2266 „ci
480 2212 721 2267 1(οιογενής“
764 2227 841 2267 pro
881 2227 928 2254 eo
969 2213 1242 2253 substitutum
1283 2217 1358 2255 est.
1431 2212 1533 2253 Coei
1578 2213 1686 2254 enim
1726 2212 1884 2253 Titanis

392 2283 476 2324 filia
506 2282 673 2324 Latona
707 2287 807 2324 erat.
858 2281 973 2323 Duas
1007 2285 1146 2323 autem
1177 2281 1268 2323 illas
1288 2280 1513 2336 fragmenti
1534 2284 1673 2336 partes
1693 2281 1735 2322 in
1757 2295 1885 2322 unum

392 2356 575 2407 systema
606 2351 847 2391 coniunctas
879 2349 1033 2400 fuisse⁷
1073 2350 1151 2390 nisi
1193 2350 1305 2405 quod
1347 2350 1546 2404 strophae
1587 2349 1680 2390 finis
1711 2354 1751 2390 et
1782 2350 1885 2390 anti-

391 2419 590 2474 strophae
620 2418 782 2458 initium
814 2418 1028 2469 interierit,
1060 2432 1114 2458 ex
1135 2418 1262 2459 totius
1282 2417 1361 2458 loci
1385 2417 1592 2458 sententia
1616 2417 1884 2471 intellegitur.

527 2485 616 2528 Nec
646 2499 766 2527 secus
788 2484 1000 2526 Nemeaeo
1022 2486 1064 2526 in
1090 2486 1270 2526 carmine
1293 2489 1441 2526 octavo
1463 2488 1592 2540 poeta
1612 2483 1881 2540 VENERIS,

391 2569 497 2611 quae
527 2556 570 2597 in
600 2570 639 2597 v.
676 2558 692 2596 1
729 2554 1012 2610 appellatione
1056 2552 1301 2610 Ἀφροδίτας
1332 2553 1570 2596 introducta
1609 2557 1689 2606 cst,
1731 2568 1883 2596 nomen

390 2638 465 2679 per
496 2625 694 2678 ambages
724 2622 927 2681 reddidit;
960 2622 1163 2678 siquidem
1197 2623 1363 2675 Κυπρία
1386 2623 1428 2663 in
1447 2637 1488 2664 v.
1513 2624 1533 2663 7
1557 2620 1702 2663 Venus
1723 2623 1884 2665 intelle-

390 2692 530 2747 genda
563 2698 649 2745 est,
693 2693 847 2748 quippe
880 2692 990 2746 quod
1024 2706 1176 2734 nomen
1208 2691 1286 2733 dea
1317 2691 1369 2732 ad
1400 2691 1582 2733 insulam
1613 2690 1799 2746 Cyprum
1828 2707 1882 2734 ex

389 2762 513 2803 maris
544 2775 691 2817 spuma
724 2766 846 2802 enata
877 2766 1000 2802 nacta
1033 2766 1157 2812 esset,
1189 2761 1372 2815 itemque
1398 2761 1441 2801 in
1463 2759 1655 2801 carminis
1677 2759 1884 2816 Olympici

389 2830 537 2871 decimi
567 2844 607 2872 v.
633 2831 711 2870 105
735 2828 997 2883 Κυπρογενής
1029 2834 1070 2871 et
1100 2830 1141 2870 in
1173 2830 1366 2871 carminis
1386 2829 1553 2884 Pythici
1583 2827 1718 2883 quarti
1738 2843 1777 2870 v.
1800 2829 1882 2870 216

390 2896 668 2954 Κυπρογένεια
700 2901 940 2953 nuncupata
964 2902 1039 2939 est.
1089 2898 1317 2940 Praeterea
1337 2899 1378 2939 in
1403 2896 1652 2952 fragmento,
1683 2896 1792 2953 quod
1820 2900 1883 2940 est
1945 2896 1948 2899 ’
