2139 3299
333 257 386 301 52
1022 251 1137 309 [290]

334 384 442 426 sulto
474 382 539 424 usi
570 394 661 424 esse
689 394 773 422 non
804 379 1012 433 videntur,
1043 392 1135 421 cum
1165 380 1207 422 in
1237 378 1484 436 fragmentis
1515 377 1680 435 saepius
1712 376 1819 421 idem

331 467 485 495 nomen
523 450 746 507 perpaucis
786 453 949 491 tantum
990 449 1176 492 versibus
1216 445 1561 491 interiacentibus
1597 447 1819 503 repetitum

331 522 398 564 sit.
455 520 524 562 Ita
555 519 710 574 legitur

469 587 581 644 apud
619 586 848 642 Tyrtaeum
886 585 1109 639 fragmenti
1148 587 1282 640 quarti
1324 585 1411 635 (ed.
1442 583 1604 639 Bergk)
1645 584 1688 624 in
1723 598 1764 625 v.
1799 585 1817 624 1

335 657 510 710 Φοίβου,
550 669 588 698 V.
623 657 674 696 10
707 656 854 708 Φοῖβος
886 658 926 695 et
955 653 1179 708 fragmenti
1210 654 1342 709 quinti
1372 653 1520 694 decimi
1550 652 1821 707 parocmiacis

334 725 553 779 compositi
583 725 624 763 in
655 736 693 764 V.
728 726 744 762 1
783 721 985 773 Σπάρτας,
1015 736 1055 764 v.
1089 723 1114 762 6
1147 725 1196 778 τᾷ
1228 721 1394 778 Σπάρτᾳ
1406 739 1417 770 ;

469 791 581 847 apud
612 790 907 831 Mimnermum
946 790 1168 844 fragmenti
1208 789 1446 831 duodecimi
1484 789 1525 830 in
1566 803 1603 830 v.
1643 788 1668 829 3
1700 786 1823 838 Ἠώς,

334 878 374 904 V.
410 863 461 902 10
490 858 626 909 Ἠώς;

467 928 509 968 in
553 925 836 981 Theognideis
876 938 913 966 v.
946 926 1023 966 511
1076 923 1322 978 Κλεάριστε,
1367 938 1406 966 v.
1449 925 1531 965 514
1574 921 1820 977 Ι(λεάρισθ’;

332 1013 373 1040 v.
408 997 486 1039 702
520 993 699 1050 Σισύφου
720 993 932 1043 Αἰολίὸεω,
964 1007 1002 1036 v.
1027 994 1103 1034 711
1130 993 1306 1048 Σίσυφος
1336 991 1463 1048 ἧρως;
1494 1008 1532 1035 V.
1557 994 1664 1035 1275
1688 991 1824 1045 Ἔρως,

333 1081 372 1108 v.
405 1066 512 1106 1277
536 1062 682 1115 Ἔρωςς

469 1130 582 1187 apud
625 1130 795 1172 Critiam
838 1128 1060 1183 fragmenti
1102 1129 1222 1184 primi
1263 1129 1306 1170 in
1346 1142 1384 1172 V.
1429 1132 1447 1171 1
1493 1131 1678 1183 Σικελῆς,
1716 1143 1754 1170 V.
1796 1130 1821 1170 3

335 1198 522 1252 Σικελόςτ,

472 1265 584 1322 apud
606 1265 828 1307 Platonem
850 1264 1074 1319 fragmenti
1094 1264 1258 1320 septimi
1279 1264 1320 1306 in
1342 1279 1382 1306 v.
1406 1266 1430 1305 3
1448 1264 1574 1314 Δίων,
1595 1279 1634 1306 v.
1656 1265 1680 1305 6
1701 1265 1824 1305 Δίων.

470 1334 520 1375 In
549 1347 632 1374 uno
661 1333 732 1373 illo
754 1332 988 1373 Mimnermi
1010 1332 1247 1386 fragmento
1271 1332 1518 1374 duodecimo
1542 1333 1649 1373 Solis
1670 1345 1823 1373 nomen

332 1404 392 1446 ita
424 1402 628 1444 variatum
659 1404 744 1454 est,
776 1404 823 1441 ut
851 1401 893 1441 in
926 1413 964 1442 v,
999 1403 1013 1441 1
1051 1390 1220 1450 Ἠέλὶος,
1261 1401 1302 1442 in
1335 1414 1372 1442 V.
1406 1402 1453 1441 11
1487 1398 1711 1453 Ὑπερίονος
1741 1398 1825 1449 υἱός

336 1471 554 1511 diceretur.

470 1537 604 1580 Multo
648 1537 778 1591 magis
820 1537 861 1578 in
905 1537 1077 1579 dubium
1119 1538 1254 1588 venit,
1298 1541 1439 1579 utrum
1479 1540 1633 1592 poetae
1675 1536 1825 1579 chorici

336 1607 509 1649 eandem
548 1607 591 1647 in
634 1605 868 1647 nominibus
904 1606 1081 1660 propriis
1124 1606 1331 1647 variandis
1372 1606 1576 1647 rationem
1620 1609 1661 1646 et
1701 1606 1824 1660 viam,

336 1679 463 1730 atque
517 1673 750 1727 Pindarus,
818 1674 1025 1716 tenuerint
1084 1688 1228 1717 necne.
1314 1675 1456 1729 Atque
1522 1674 1823 1729 antiquioribus

336 1743 502 1798 quidem
530 1743 667 1796 poetis
698 1742 885 1794 choricis,
916 1743 951 1783 si
980 1758 1032 1784 ex
1065 1743 1283 1798 perpaucis
1313 1742 1555 1796 fragmentis
1577 1742 1825 1784 concludere

335 1811 457 1861 licet,
496 1809 597 1851 illud
639 1809 810 1851 Pindari
837 1811 1066 1852 ‘artificium
1105 1811 1294 1866 ignotum
1333 1810 1460 1852 fuisse
1499 1815 1826 1852 consentaneum

335 1883 412 1920 est.
471 1878 579 1919 Sane
610 1877 786 1919 Alcman
819 1879 859 1919 in
902 1878 1136 1933 fragmento
1178 1880 1249 1920 illo
1290 1878 1482 1919 carminis
1514 1878 1729 1919 Parthenii
1772 1892 1824 1920 ex

334 1945 598 2001 Aegyptiaco
644 1946 836 2000 sepulcro
882 1961 1017 2002 nuper
1060 1947 1101 1989 in
1145 1948 1280 1989 lucem
1326 1950 1538 2001 protracto
1599 1946 1671 1999 (23
1716 1945 1825 2000 apud

335 2012 585 2068 Bergkium)
604 2013 800 2068 virgines,
823 2029 877 2056 ex
898 2015 1047 2070 quibus
1069 2016 1221 2057 chorus
1242 2015 1473 2065 constabat,
1489 2027 1656 2069 semper
1677 2013 1827 2055 eodem

335 2082 504 2124 nomine
536 2082 703 2136 proprio
734 2084 973 2137 appellavit,
1006 2098 1099 2126 cum
1130 2098 1284 2127 nomen
1323 2082 1473 2136 Ἀγιδώ
1506 2098 1542 2124 v.
1566 2084 1634 2136 40,
1661 2082 1727 2134 42,
1757 2083 1825 2135 58,

336 2152 391 2193 80
430 2154 471 2192 et
508 2163 659 2191 nomen
704 2149 948 2205 Ἀγησιχόρα
986 2166 1023 2194 v,
1054 2153 1120 2203 53,
1159 2154 1226 2204 57,
1269 2154 1334 2204 77,
1377 2153 1442 2205 79,
1487 2153 1540 2193 90
1579 2151 1824 2192 inveniatur.

335 2219 426 2260 Nec
457 2219 593 2259 minus
625 2218 885 2261 Stesichorus
915 2219 1138 2274 fragmenti
1169 2220 1362 2274 vigesimi
1391 2220 1502 2262 sexti
1531 2220 1572 2260 in
1602 2234 1642 2261 v.
1678 2222 1695 2260 1
1724 2224 1766 2259 et
1786 2221 1826 2272 3,

337 2287 408 2329 ubi
449 2287 490 2328 in
534 2285 727 2328 Helenae
767 2286 864 2329 fatis
908 2288 1150 2330 enarrandis
1191 2287 1340 2343 patris·
1362 2301 1528 2343 quoque
1569 2287 1826 2329 mentionem

335 2357 448 2408 facit,
480 2355 628 2397 eadem
660 2355 941 2410 appellatione
979 2355 1207 2410 Τυνδάρεος
1237 2371 1337 2397 usus
1368 2360 1443 2397 est.
1505 2355 1632 2396 Cuius
1662 2355 1827 2410 generis

336 2424 636 2481 repetitionum
677 2425 870 2479 exempla
912 2438 1004 2466 cum
1045 2424 1155 2480 apud
1196 2423 1426 2466 Pindarum
1465 2423 1622 2476 desint,
1665 2426 1828 2465 constat

336 2494 430 2535 illos
460 2497 608 2549 poetas
640 2507 723 2535 non
756 2492 905 2536 eadem
935 2494 1185 2546 constantia,
1218 2507 1300 2549 qua
1324 2493 1446 2546 hunc,
1468 2493 1638 2534 nomina
1659 2492 1827 2548 propria

338 2562 535 2604 variasse.
580 2555 583 2557 ’

474 2629 625 2684 Itaque
656 2629 887 2684 posteriore
926 2629 1092 2671 demum
1134 2632 1297 2682 aetate,
1337 2629 1438 2669 dum
1469 2627 1699 2670 Simonides
1730 2629 1829 2670 Pin-

340 2697 466 2740 darus
496 2696 773 2753 Bacchylides
803 2698 968 2751 florent,
1011 2703 1124 2739 certa
1155 2698 1225 2739 illa
1255 2698 1414 2752 regula,
1446 2698 1675 2739 secundum
1705 2710 1829 2751 quam

338 2765 530 2820 repetitio
553 2765 736 2806 eiusdem
761 2765 1055 2820 appellationis
1076 2779 1159 2805 non
1183 2765 1315 2806 solum
1334 2765 1442 2805 intra
1462 2779 1584 2805 unam
1601 2764 1827 2819 stropham,

337 2832 412 2875 sed
442 2834 569 2876 etiam
599 2833 640 2875 in
670 2846 752 2875 uno
784 2832 1016 2889 eodemque
1047 2838 1272 2889 systemate
1314 2834 1483 2875 vitanda
1524 2838 1634 2886 erat,
1672 2837 1829 2875 statuta

338 2901 502 2945 videtur
543 2915 647 2943 esse.
719 2900 773 2942 Et
816 2914 1066 2959 quamquam
1108 2915 1162 2944 ex
1205 2901 1430 2944 Simonidis
1476 2906 1518 2943 et
1558 2900 1825 2958 Bacchylidis
