2139 3299
964 258 1081 318 [257]
1728 255 1773 306 19

418 393 536 435 Nem.
562 390 629 433 III
652 405 690 432 V.
714 391 823 431 2—3
845 388 918 431 τᾶν
940 389 1154 439 πολυξέναν
1169 424 1177 431 .
1195 423 1203 431 .
1219 423 1228 431 .
1262 390 1429 442 Δωρίδα
1449 394 1568 432 νᾶσον
1587 391 1771 445 Αἴγιναν,

282 478 321 506 V.
346 465 397 505 13
415 459 564 516 χώρας,
585 457 850 511 Μυρμιδόνες
867 458 934 499 ἵνα
955 456 1136 511 πρότεροι
1158 457 1333 516 ᾤκησαν,
1358 472 1397 500 V.
1421 459 1474 501 68
1496 458 1613 500 τάνδε
1634 464 1770 513 νᾶσον;

413 530 535 572 Nem.
559 527 621 568 IV
637 541 675 569 V.
696 530 709 568 l
727 529 861 569 1--12
880 527 1083 568 Αἰακιδᾶν
1103 527 1306 581 ἠΰπυργον
1327 528 1432 577 ἕδος,
1454 543 1491 568 V.
1515 529 1569 569 22
1587 528 1773 581 Αἰγίνας,

273 614 312 643 V.
343 600 397 641 46
430 595 610 653 Οἰνιόνᾳ5

409 665 555 708 Isthm.
586 665 649 705 IV
681 678 717 705 V.
748 666 802 706 20
832 662 941 705 τάνδ’
974 666 1012 714 ἐς
1052 663 1222 718 εὔνομον
1261 663 1387 714 πόλιν,
1427 679 1466 706 V.
1500 665 1553 705 30
1592 663 1768 722 Οἰνώνᾳ,

274 749 312 777 V.
344 734 511 776 39-40
546 731 740 785 Αἴγιναν.
761 765 769 772 .
789 765 797 773 .
829 731 985 785 πάτραν
1015 732 1230 786 διαπρεπέα
1261 736 1405 787 νᾶσον;

410 802 557 843 Isthm.
588 801 627 841 V
662 817 699 843 V.
730 802 756 844 8
789 800 975 857 Αἴγιναν,
1012 816 1049 842 V.
1083 804 1131 843 21
1168 801 1291 843 τάνδε
1323 806 1457 851 νᾶσον,
1495 816 1530 843 V.
1563 804 1615 843 65
1648 800 1767 842 τοῖνδε

274 869 388 911 πόλιν
419 871 611 925 θεοφιλῆ,
640 883 678 911 V.
712 871 764 910 69
796 867 906 911 ἄστει
938 869 1011 926 ἓῷς

347 974 350 978 .
409 938 553 979 Isthm.
585 937 671 978 VII
702 952 740 979 V.
777 939 827 978 16
865 939 1027 995 Αἰγίνᾳ,
1069 952 1106 980 V.
1139 941 1188 979 21
1232 943 1354 979 νᾶσον
1396 939 1600 988 Οἰνοπίαν,
1644 954 1681 979 v.
1712 940 1765 980 55

274 1006 460 1059 Αἴγιναν.

409 1074 474 1116 De
505 1075 670 1128 Aegina
701 1074 868 1129 quidem
895 1075 1060 1116 abunde
1083 1077 1318 1130 expositum
1344 1081 1417 1117 est.
1464 1075 1761 1117 Examinemus

271 1143 419 1198 igitur,
466 1157 563 1184 num
607 1143 781 1184 eandem
825 1144 1029 1184 rationem
1068 1143 1276 1185 Pindarus
1317 1145 1357 1185 in
1404 1137 1552 1186 ceteris
1594 1157 1761 1199 quoque

271 1211 455 1263 urbibus,
489 1225 663 1265 quarum
698 1213 811 1252 cives
840 1218 1014 1267 propter
1037 1212 1225 1253 victorias
1248 1213 1287 1252 in
1312 1212 1604 1253 certaminibus
1625 1218 1766 1266 partas

271 1279 553 1332 celebrantur,
586 1280 849 1321 nominandis
880 1280 1118 1321 instituerit.

406 1348 558 1388 Mirum
590 1349 710 1389 nobis
741 1347 949 1400 videatur,
990 1349 1100 1404 quod
1132 1349 1174 1389 in
1211 1353 1408 1403 quattuor
1440 1348 1690 1389 carminibus
1721 1348 1762 1388 in

271 1415 693 1458 SYRACUSANOS
724 1417 902 1458 victores
934 1418 1095 1471 scriptis
1136 1417 1224 1467 (Ol.
1257 1417 1299 1466 I,
1332 1417 1398 1459 Ol.
1431 1416 1514 1469 VI,
1548 1417 1672 1472 Pyth.
1704 1416 1761 1469 II,

273 1484 398 1540 Pyth.
433 1484 518 1537 ΙΙΙ)
550 1485 602 1526 de
632 1485 797 1526 illorum
828 1486 963 1540 patria
993 1486 1095 1527 urbe
1125 1485 1295 1526 Pindari
1330 1486 1574 1539 pracsertim
1606 1491 1764 1540 tempo-

274 1554 388 1594 ribus
419 1553 713 1596 florentissima
743 1555 906 1596 nonnisi
929 1555 1167 1596 brevissime
1193 1556 1349 1596 mentio
1370 1555 1428 1596 fit.
1481 1554 1599 1603 Quae
1619 1568 1761 1609 quain-

271 1635 395 1675 quam
434 1623 474 1663 in
516 1623 630 1663 nulla
672 1637 843 1678 usquam
886 1624 1112 1664 carminum
1151 1628 1269 1678 parte
1313 1624 1374 1664 bis
1414 1624 1561 1665 eodem
1595 1623 1763 1664 nornine

271 1690 483 1745 appellata
522 1696 606 1742 est,
643 1695 782 1733 tamen
813 1691 846 1732 si
876 1705 901 1732 a
931 1691 1141 1732 locutione
1174 1690 1420 1743 Ἀρέθουσαν
1450 1693 1513 1732 ἐπὶ
1544 1690 1691 1744 κράναν
1720 1691 1759 1730 in

271 1773 308 1798 v,
340 1760 392 1799 69
425 1760 616 1800 carminis
647 1759 813 1815 Pythici
855 1761 966 1802 tertii
1007 1764 1050 1801 et
1089 1760 1142 1800 ab
1182 1760 1461 1815 appellatione
1501 1759 1684 1811 Ὀρτυγία
1720 1759 1758 1798 in

270 1840 306 1866 v.
339 1828 363 1866 6
394 1828 586 1868 carminis
618 1828 785 1883 Pythici
816 1829 988 1869 alterius
1019 1827 1345 1880 discesserimus,
1376 1828 1488 1868 nullo
1521 1828 1613 1868 loco
1637 1827 1761 1882 Syra-

273 1909 465 1938 cusarum
498 1911 648 1939 nomen
682 1897 885 1939 variatum
916 1902 991 1938 est.
1043 1897 1242 1952 Suspicor
1272 1902 1412 1938 autem
1443 1897 1524 1938 hoc
1553 1895 1647 1937 ideo
1679 1895 1761 1936 fac-

270 1968 357 2004 tum
388 1979 490 2018 esse,
523 1967 620 2021 quia
647 1981 740 2007 cum
767 1966 898 2007 tribus
923 1966 1088 2007 illorum
1116 1966 1343 2007 carminum
1371 1965 1570 2006 Hieronis
1596 1965 1760 2020 tyranni

269 2034 464 2077 victoriae
501 2035 667 2076 curules
709 2034 1048 2087 celebrarentur,
1088 2034 1197 2089 regis
1238 2034 1384 2075 laudes
1424 2034 1555 2089 magis
1596 2035 1760 2076 elucere

267 2116 389 2157 quam
420 2104 535 2144 urbis
565 2117 641 2158 par
670 2103 804 2144 fuerit.

405 2171 553 2226 Longe
585 2172 704 2213 aliter
735 2187 801 2214 res
832 2185 877 2213 se
909 2171 1037 2213 habet
1057 2171 1097 2213 in
1121 2171 1303 2212 carmine
1326 2170 1546 2227 Olympico
1569 2170 1760 2226 septimo,

266 2254 357 2280 cum
398 2240 464 2280 hic
505 2241 545 2280 in
589 2239 820 2281 RHODIO
863 2241 1019 2280 victore
1059 2239 1339 2294 praedicando
1384 2239 1551 2279 fabulae
1593 2251 1758 2292 quoque

263 2307 425 2364 patriae
454 2308 563 2349 illius
585 2308 806 2362 diligenter
832 2311 1087 2349 enarrentur.
1138 2307 1286 2362 Itaque
1308 2306 1514 2348 Pindarus
1536 2311 1755 2362 postquam

259 2388 302 2428 in
333 2389 372 2418 V.
400 2377 464 2427 14,
494 2380 541 2416 ut
562 2377 668 2417 solet
688 2376 775 2417 fere
797 2377 837 2417 in
861 2377 1088 2417 carminum
1111 2377 1298 2428 introitu,
1329 2376 1381 2416 ab
1403 2375 1565 2415 insulae
1588 2376 1755 2416 nomine

196 2459 203 2466 ⁴
262 2445 431 2499 proprio
485 2459 658 2487 exorsus
710 2449 773 2485 est
825 2443 1228 2500 cognominibusque
1284 2448 1375 2493 παῖς
1426 2443 1661 2497 Ἀφροδίτας
1717 2449 1757 2486 et
1813 2464 1817 2477 ι

264 2511 429 2553 Ἀελίοιο
478 2511 619 2568 νύμφα
674 2513 848 2566 additis,
913 2519 1067 2569 quanta
1121 2514 1449 2570 appellationum
1504 2514 1626 2569 copia
1679 2512 1756 2555 sibi

260 2586 426 2634 praesto
470 2586 601 2632 esset,
646 2581 970 2633 demonstravit,
1001 2584 1139 2624 statim
1179 2583 1220 2623 in
1259 2597 1296 2623 v.
1341 2582 1413 2635 18,
1455 2582 1522 2623 ubi
1554 2583 1755 2623 victorem

262 2653 305 2691 et
343 2653 504 2704 patrem
548 2649 636 2692 eius
680 2650 781 2692 dicit
820 2649 964 2702 Ἀσίας
1002 2649 1220 2706 εὐρυχόρου
1261 2652 1436 2705 τρίπολιν
1476 2654 1595 2692 νᾶσον
1636 2649 1756 2702 πέλας

262 2717 420 2774 ἐμβόλῳ
463 2719 666 2769 ναίοντας,
716 2734 825 2761 nova
874 2721 1051 2775 quadam
1095 2725 1136 2760 et
1180 2725 1390 2774 tamquam
1431 2735 1456 2760 a
1496 2720 1755 2774 geographia

261 2785 392 2838 petita
424 2786 636 2830 locutione
666 2787 808 2829 Rhodi
839 2803 993 2831 nomen
1025 2788 1174 2830 reddit.
1221 2787 1327 2830 Nam
1353 2788 1506 2829 triurbs
1527 2789 1597 2830 illa
1620 2789 1755 2830 insula

259 2853 384 2894 Asiae
415 2854 627 2908 spatiosae
658 2869 791 2911 prope
824 2861 1007 2898 rostrum
1037 2856 1215 2897 Rhodus
1245 2857 1334 2912 ipsa
1367 2860 1439 2907 est,
1471 2869 1579 2910 quae
1611 2863 1753 2899 contra

260 2920 479 2975 Peraeam,
510 2936 617 2977 quae
649 2923 811 2978 dicitur,
855 2925 1001 2968 Cariae
1027 2931 1186 2981 partem
1229 2925 1348 2967 cunei
1388 2924 1522 2966 forma
1559 2926 1600 2966 in
1639 2940 1753 2967 mare

1596 2993 1618 3030 2
