2139 3299
354 288 409 328 46
1044 283 1164 338 [284]

355 412 565 455 Pindarus
594 428 642 456 se
673 413 810 469 ipsum
840 410 1052 465 admonet,
1082 416 1129 452 ut
1158 411 1283 466 longe
1313 411 1524 455 iaculante
1547 411 1762 455 Musarum
1794 412 1850 454 ab

357 497 460 525 arcu
491 485 533 526 et
562 482 708 526 Iovem
738 482 864 524 rutila
893 480 1179 536 fulgurantem
1210 484 1252 523 et
1284 479 1565 523 venerandum
1594 480 1726 524 Elidis
1755 494 1850 524 ver-

355 552 479 594 ticem
510 554 680 592 τοιοῖσδε
705 550 888 605 βέλεσσιν
917 549 1140 604 impertiat.
1193 548 1276 590 Sed
1306 562 1401 589 cum
1422 550 1555 591 victor
1575 549 1849 592 celebrandus

355 621 439 662 iam
470 624 596 663 antea
631 620 673 661 in
704 619 924 674 Delphicis
955 617 1252 659 certaminibus
1282 631 1480 659 coronam
1511 618 1691 673 adeptus
1723 624 1847 674 esset,

354 692 480 744 poeta
510 701 678 730 carmen
710 700 832 728 suum
862 687 904 727 in
933 686 1042 727 hanc
1072 698 1241 740 quoque
1264 685 1482 727 victoriam
1504 685 1683 741 dirigere
1704 687 1847 742 voluit,

355 758 398 800 id
429 757 540 814 quod
572 758 614 799 in
645 772 684 798 v.
719 758 765 798 11
807 756 866 797 ita
896 755 1111 810 exprimit:
1153 755 1196 796 in
1228 754 1376 798 urbem
1407 754 1640 811 Pythonem
1682 770 1849 812 quoque

354 825 569 880 πτερόεντα
598 822 743 879 γλυκύν
770 822 904 866 ὀϊστόν
924 838 968 866 se
990 824 1213 866 missurum
1233 837 1336 866 esse.
1382 823 1545 865 Verum
1568 825 1693 866 etiam
1714 826 1848 880 patria

355 894 452 937 urbs
482 893 649 935 victoris
679 892 805 935 laude
837 896 925 934 erat
968 892 1155 935 ornanda
1198 905 1375 948 eamque
1417 893 1469 934 ob
1512 906 1599 934 rem
1639 893 1681 934 in
1724 907 1761 936 v,
1794 895 1843 936 21

357 968 400 1006 et
429 976 546 1017 seqq.
577 961 649 1003 ille
678 960 891 1016 praedicat
927 960 1016 1003 fore
1047 966 1094 1003 ut
1125 975 1266 1003 caram
1295 961 1443 1002 urbem
1471 965 1663 1015 μαλεραῖς
1695 960 1848 1012 ἀοιδαῖς

354 1029 565 1071 illustrans
620 1028 883 1070 velocissimo
939 1028 1145 1083 poematis
1195 1028 1343 1070 nuntio
1400 1028 1487 1069 eius
1537 1029 1715 1083 gloriam
1763 1030 1847 1072 late

348 1100 536 1152 spargat.
597 1096 689 1138 Nec
726 1096 861 1138 minus
901 1097 1095 1138 sollerter
1125 1096 1334 1138 Pindarus
1375 1097 1418 1137 in
1456 1096 1636 1139 carmine
1667 1097 1845 1152 Pythico

354 1166 486 1207 altero
534 1164 784 1207 vocabulum
829 1162 949 1217 μέλος
993 1164 1181 1206 variavit.
1253 1162 1361 1205 Nam
1405 1167 1628 1219 postquam
1670 1164 1713 1206 in
1751 1178 1790 1207 v,
1821 1167 1848 1208 4

354 1235 587 1291 Syracusis,
616 1234 817 1276 Hieronis
847 1234 957 1288 regis
990 1233 1097 1287 urbi,
1128 1247 1174 1275 se
1206 1231 1297 1274 τόδε
1326 1231 1447 1285 μέλος
1474 1232 1631 1274 Thebis
1664 1248 1717 1275 ex
1746 1235 1849 1277 urbe

355 1307 580 1359 apportare
612 1302 918 1357 pronuntiavit,
961 1302 1003 1342 in
1044 1315 1082 1344 v.
1121 1301 1283 1342 13-14
1322 1301 1414 1342 aliis
1452 1302 1620 1356 regibus
1663 1302 1716 1343 ab
1756 1303 1848 1345 aliis

354 1372 488 1430 poetis
519 1375 694 1427 propter
724 1371 901 1412 virtutes
933 1368 1082 1424 εὐαχέα
1124 1368 1251 1423 ὕμνον
1281 1369 1429 1411 confici
1467 1369 1535 1411 ait.
1595 1368 1684 1412 Nec
1714 1370 1848 1413 minus

355 1441 396 1481 in
428 1455 467 1481 v.
502 1442 552 1481 16
584 1441 718 1494 φᾶμαι
749 1439 958 1492 Κυπρίων,
999 1451 1106 1492 quae
1146 1437 1199 1479 de
1230 1437 1383 1492 Cinyra
1417 1437 1597 1479 Veneris
1633 1439 1850 1480 sacerdote

356 1522 484 1564 saepe
513 1507 790 1559 resonabant,
835 1507 1019 1548 carmina
1052 1505 1338 1560 intellegenda
1366 1509 1484 1556 sunt,
1527 1506 1676 1561 quibus
1709 1506 1851 1562 Cyprii

355 1576 464 1618 illius
506 1576 616 1630 regis
657 1575 802 1618 laudes
851 1575 1132 1617 celebrabant.
1200 1573 1365 1615 Deinde
1413 1586 1507 1614 cum
1551 1574 1592 1615 in
1633 1589 1670 1617 v.
1703 1576 1758 1617 68
1797 1575 1850 1617 ad

356 1645 686 1701 appellationem
706 1643 830 1696 μέλος
850 1643 1032 1698 redierit,
1052 1644 1245 1699 proximo
1268 1643 1309 1684 in
1331 1657 1456 1684 versu
1477 1647 1604 1698 poeta
1620 1643 1848 1687 Hieronem

355 1713 569 1767 admonet,
601 1718 648 1755 ut
678 1712 930 1766 Καστόρειον
958 1716 1098 1755 mente
1129 1717 1290 1768 spectet
1320 1712 1553 1766 benevola,
1584 1712 1655 1753 ubi
1686 1711 1850 1754 Καστό-

354 1799 459 1836 ρειον
488 1785 601 1824 certe
634 1795 798 1823 carmen
830 1784 911 1833 est,
954 1781 1044 1823 sive
1085 1781 1166 1823 hoc
1206 1781 1365 1837 ipsum,
1407 1780 1449 1821 in
1493 1794 1574 1836 quo
1618 1794 1849 1834 versamur,

353 1852 440 1893 sive
483 1851 664 1893 alterum
712 1865 797 1892 una
845 1864 939 1892 cum
991 1850 1072 1892 hoc
1117 1849 1292 1892 Hieroni
1336 1850 1522 1890 missum.
1602 1846 1851 1904 Καστόρειος

355 1920 467 1962 enim
499 1919 730 1961 vocabatur
759 1922 898 1961 certus
928 1932 1078 1960 nomus
1110 1921 1320 1973 equester,
1351 1931 1476 1973 quem
1501 1931 1650 1959 nomen
1670 1918 1850 1960 traxisse

355 2003 380 2030 a
397 1988 575 2030 Castore
595 1987 864 2030 celeberrimo
887 1988 1029 2042 equite
1049 1987 1138 2041 ipse
1153 1986 1361 2027 Pindarus
1383 1989 1563 2028 testatur
1579 1985 1726 2027 Isthm.
1743 1986 1765 2027 I
1786 1988 1849 2038 14,

354 2057 427 2099 ubi
461 2057 661 2100 victorem
701 2056 885 2098 curulem
921 2053 944 2109 ἢ
978 2054 1215 2112 Καστορείῳ
1255 2052 1280 2108 ἢ
1324 2052 1470 2096 Ἰολάοι’
1508 2052 1624 2111 ὕμνῳ
1665 2054 1850 2096 elaturus

355 2141 525 2170 causam
555 2125 682 2168 adicit
710 2125 839 2166 hanc:
876 2128 992 2166 κεῖνοι
1023 2122 1098 2176 γάρ
1128 2121 1274 2176 ἡρώων
1303 2122 1545 2178 διφρηλάται
1576 2123 1850 2175 Λακεδαίμονι

354 2196 418 2237 καὶ
443 2193 597 2248 Θήβαις
627 2192 853 2235 ἐτέκνωθεν
882 2191 1096 2245 κράτιστοι.
1145 2192 1295 2247 Itaque
1325 2191 1449 2233 etiam
1480 2205 1541 2241 ea,
1573 2205 1698 2246 quam
1720 2190 1849 2234 Hiero

354 2265 396 2306 in
417 2262 605 2319 Pythicis
636 2261 933 2304 certaminibus
959 2274 1082 2303 curru
1105 2260 1283 2316 adeptus
1307 2265 1412 2314 erat,
1443 2259 1616 2301 victoria
1637 2259 1850 2315 aptissime

354 2332 599 2389 Καστορείῳ
631 2331 934 2372 celebrabatur.

489 2400 599 2442 Item
631 2399 839 2442 Nemeaei
869 2399 1059 2440 carminis
1092 2398 1228 2454 quarti
1255 2398 1297 2439 in
1319 2412 1358 2439 v.
1382 2398 1492 2439 2-3
1516 2396 1710 2449 carmina,
1743 2409 1849 2451 quae

355 2470 546 2511 homines
567 2469 713 2510 labore
733 2468 931 2523 fatigatos
952 2469 1197 2511 suavissime
1220 2467 1451 2520 deleniunt,
1479 2464 1520 2506 αἱ
1541 2466 1664 2519 σοφαὶ
1685 2467 1850 2506 Μοισᾶν

353 2537 558 2591 θύγατρες
589 2535 724 2578 ἀοιδαί
751 2537 1034 2579 nominantur.
1094 2536 1184 2577 Nec
1214 2536 1350 2577 minus
1381 2536 1422 2576 in
1455 2548 1493 2577 v,
1526 2536 1550 2575 6
1583 2532 1709 2588 ῥῆμα,
1741 2532 1851 2588 quod

354 2607 593 2649 Gratiarum
625 2620 705 2661 ope
738 2606 1024 2660 excogitatum
1055 2604 1175 2646 factis
1205 2605 1256 2646 sit
1298 2607 1532 2659 superstes,
1576 2615 1742 2643 carmen
1772 2606 1848 2655 est,

356 2690 439 2731 quo
469 2689 554 2716 uno
585 2688 653 2715 res
684 2674 853 2728 egregie
894 2678 1041 2729 gestae
1081 2674 1134 2714 ad
1172 2678 1362 2728 posteros
1400 2674 1574 2727 possunt
1612 2670 1849 2725 propagari.

355 2744 441 2787 Sed
472 2748 700 2799 postquam
730 2743 772 2784 in
803 2756 840 2784 V.
867 2745 911 2784 11
949 2743 1054 2785 haec
1084 2741 1135 2785 de
1165 2742 1394 2784 carminum
1416 2738 1687 2794 epiniciorum
1706 2738 1850 2780 iucun-

355 2812 488 2856 ditate
519 2816 561 2854 et
591 2812 851 2867 praestantia
883 2810 993 2852 dicta
1023 2824 1098 2866 pro
1131 2810 1303 2852 exordio
1333 2808 1462 2860 ὕμνου
1484 2821 1508 2848 a
1529 2821 1572 2848 se
1595 2807 1738 2849 oblata
1759 2820 1849 2848 esse

357 2888 485 2937 poeta
514 2881 651 2924 fassus
684 2884 770 2935 est,
809 2880 850 2921 in
881 2894 919 2922 v,
956 2881 1006 2921 15
1037 2883 1176 2935 optat,
1217 2882 1264 2920 ut
1299 2878 1465 2920 victoris
1495 2880 1614 2932 pater
1645 2875 1782 2917 adhuc
1811 2875 1851 2916 in

354 2951 457 3002 vivis
484 2951 538 2997 sit
568 2954 609 2993 et
639 2952 743 3008 τῷδε
762 2948 874 3003 μέλει
904 2950 1055 2999 κλιθεὶς
1085 2950 1111 2991 i.
1134 2963 1170 2992 e.
1194 2948 1273 2990 hoc
1293 2946 1466 2989 Pindari
1487 2959 1652 2989 carmen
1675 2948 1847 2987 cantans
