2139 3299
355 231 410 274 50
792 231 795 233 ·
1049 226 1164 287 [288]

355 360 482 401 nimia
511 360 757 402 morositate
788 364 829 401 et
849 359 1112 401 insolitorum
1133 358 1352 402 verborum
1375 357 1642 404 affectatione
1662 358 1848 417 appetita

360 429 476 486 apud
506 429 735 472 Pindarum
765 432 974 480 occurrat,
1009 427 1116 471 adeo
1146 428 1344 470 naturalis
1376 432 1417 470 et
1458 429 1576 484 quasi
1615 430 1850 474 necessaria

357 512 449 540 esse
478 499 657 551 videtur,
687 503 734 540 ut
754 497 965 553 plerisque
986 497 1216 551 legentium
1236 496 1552 539 admirationem
1572 499 1645 540 vix
1667 504 1846 542 moveat.

355 566 499 622 Atque
528 567 694 609 etiamsi
732 566 774 607 in
805 565 917 606 omni
956 578 1148 607 sermone
1194 564 1448 619 composito,
1488 579 1541 607 ne
1584 566 1636 608 ad
1679 567 1846 610 easdem

354 649 518 691 semper
533 635 766 677 locutiones
781 636 1011 686 recurrant,
1027 633 1217 675 homines
1234 632 1343 675 docti
1362 633 1497 675 vitare
1515 634 1689 689 soleant,
1705 636 1844 678 nescio

354 707 497 747 tamen
528 717 581 745 an
614 718 667 745 ex
698 702 812 743 nullo
843 701 927 744 alio
952 706 1078 756 poeta
1100 701 1247 743 similia
1269 702 1462 757 exempla
1482 717 1618 758 aeque
1639 704 1846 745 variarum

356 772 689 828 appellationum
729 770 869 812 afferri
908 770 1080 825 possint.
1139 769 1363 812 Nonnullis
1404 784 1507 813 vero
1542 772 1645 814 locis
1675 772 1847 813 Pindari

355 841 536 884 studium
569 839 750 881 cuiusvis
790 839 956 894 generis
995 839 1165 893 nomina
1206 839 1328 881 docte
1368 839 1554 881 variandi
1593 840 1845 883 luculentius

357 913 546 966 apparet,
579 922 705 964 quam
735 912 781 949 ut
812 921 911 949 casu
941 912 1060 949 tanta
1099 907 1433 963 appellationum
1473 908 1652 951 varietas
1697 909 1846 952 effecta

354 993 446 1021 esse
476 977 623 1034 possit.
684 977 751 1018 Ita
777 977 819 1018 in
850 978 1033 1019 carmine
1065 976 1285 1032 Olympico
1317 977 1441 1018 tertio
1485 977 1645 1020 decimo
1681 977 1846 1020 habena

353 1062 495 1099 aurea,
525 1061 649 1103 quam
681 1046 875 1088 Minerva
905 1045 1227 1100 Bellerophonti
1266 1045 1320 1087 ad
1348 1045 1559 1101 Pegasum
1590 1045 1846 1088 domandum

353 1115 544 1167 dederat,
578 1115 792 1170 quinquies
823 1114 998 1157 diversis
1028 1115 1136 1155 inter
1166 1127 1211 1155 se
1243 1113 1525 1155 locutionibus
1564 1115 1845 1157 sollertissime

353 1183 589 1239 significata
619 1187 695 1226 est.
748 1182 885 1231 Quam
913 1186 1139 1238 postquam
1167 1182 1208 1223 in
1234 1197 1274 1224 v.
1297 1183 1350 1224 63
1377 1180 1648 1236 χρυσάμπυκα
1679 1182 1846 1237 χαλινόν

353 1253 608 1308 appellavit,
648 1252 689 1293 in
722 1265 759 1294 v.
792 1254 844 1294 65
876 1251 1082 1299 Pindarus
1122 1250 1357 1292 Minervam
1395 1250 1714 1307 Bellerophonti
1753 1251 1843 1294 dor-

352 1322 497 1364 mienti
525 1322 801 1377 imperantem
822 1320 934 1375 fecit,
967 1324 1013 1362 ut
1035 1321 1199 1375 φίλτρον
1214 1319 1371 1361 ἵππειον
1392 1323 1610 1376 acceptum
1629 1320 1842 1363 immolato

353 1396 475 1433 tauro
507 1390 706 1446 Neptuno
747 1389 925 1431 offerret.
985 1388 1269 1444 Bellerophon
1311 1391 1449 1430 autem
1492 1403 1546 1431 ex
1583 1403 1731 1432 somno
1773 1404 1843 1432 ex-

354 1460 622 1515 pergefactus
653 1458 916 1512 παρκείμενον
946 1456 1065 1512 τέρας
1101 1457 1158 1511 (v.
1192 1457 1263 1511 70)
1294 1456 1571 1513 deprehendit
1602 1462 1660 1513 et,
1701 1472 1843 1513 quem·

355 1529 581 1570 admodum
612 1527 689 1569 dea
720 1527 1004 1582 δαμασίφρονα
1030 1524 1184 1580 χρυσόν
1216 1527 1272 1579 (V.
1306 1527 1376 1578 75)
1407 1527 1632 1580 attulisset,
1662 1526 1843 1582 Polyido

351 1598 438 1640 vati
460 1596 657 1638 narravit.
705 1595 799 1644 Quo
822 1600 994 1637 auctore
1015 1608 1109 1636 cum
1127 1592 1345 1636 Minervae
1360 1595 1483 1636 iussis
1501 1595 1842 1651 obtemperasset,

350 1665 563 1722 φάρμακον
592 1664 702 1718 πραΰ
732 1664 792 1718 (v.
824 1666 899 1717 82)
929 1664 1095 1718 Pegaso
1126 1663 1267 1705 iniecit
1305 1667 1347 1704 et
1385 1662 1571 1705 facinora
1610 1663 1664 1705 ab
1693 1663 1842 1705 Iobate

349 1735 576 1791 Lyciorum
606 1747 709 1788 rege
741 1734 939 1775 mandata
968 1732 1156 1787 perfecit.

486 1801 626 1844 Minus
666 1806 824 1843 certum
867 1806 952 1856 est,
992 1815 1093 1842 num
1122 1799 1330 1842 Pindarus
1372 1801 1496 1841 etiam
1538 1805 1675 1859 cetera
1714 1801 1842 1843 verba

350 1872 542 1914 consulto
574 1871 737 1912 variare
768 1868 998 1921 studuerit,
1040 1883 1132 1910 cum
1164 1882 1247 1909 non
1277 1882 1373 1910 raro
1406 1868 1555 1910 eadem
1584 1874 1840 1924 repetantur.

349 1940 527 1982 Variata
556 1939 750 1981 videntur
780 1938 984 1980 vocabula
1013 1937 1137 1979 haec:

487 2008 555 2050 dei
587 2007 652 2049 Ol.
688 2008 711 2049 I
747 2009 800 2049 35
842 2006 1068 2059 δαιμόνων,
1110 2020 1148 2048 v.
1191 2006 1243 2046 39
1282 2009 1431 2055 θεοῖσι,
1472 2019 1508 2046 v.
1550 2007 1604 2046 52
1638 2004 1842 2060 μακάρων,

347 2090 386 2119 v.
418 2079 472 2120 54
503 2075 703 2129 Ὀλύμπου
735 2076 886 2126 σ’κοποί,
916 2091 957 2117 v.
980 2076 1034 2117 60
1064 2072 1299 2124 ἀθανάτων,
1331 2075 1384 2115 64
1405 2073 1520 2124 θεόν,
1551 2075 1604 2115 65
1626 2072 1840 2124 ἀθάνατοι,

348 2146 418 2186 ubi
449 2159 601 2188 nomen
632 2144 833 2186 ἀθάνατοι
871 2145 980 2185 intra
1017 2157 1143 2185 unam
1187 2143 1443 2197 eandemque
1482 2143 1694 2197 stropham
1725 2156 1842 2198 repe-

348 2213 472 2256 titum
502 2218 589 2267 est3

481 2281 657 2323 felicitas
688 2281 754 2322 Ol.
785 2281 830 2322 II
864 2282 913 2321 18
945 2279 1089 2337 πότμῳ
1121 2279 1335 2332 εὐδαίμονι,
1366 2280 1418 2320 22
1450 2276 1582 2332 ὄλβον,
1612 2278 1666 2319 33
1696 2276 1845 2330 ἀτειρεῖ

345 2349 510 2410 ἀγαθῷ,
542 2352 595 2392 36
628 2347 751 2406 ὄλβῳ,
782 2353 824 2390 et
1544 2404 1545 2407 Ἴ

549 2418 676 2474 Pyth.
704 2417 775 2459 III
800 2419 855 2459 84
887 2416 1149 2469 εὐδαιμονίας,
1186 2418 1239 2458 86
1270 2414 1370 2457 αἰών
1400 2412 1596 2471 ἀσφαλής,
1626 2415 1680 2456 89
1712 2411 1841 2467 ὄλβον,

346 2490 399 2531 98
430 2486 696 2545 εὐφροσύνας,
730 2489 808 2529 105
840 2484 972 2541 ὄλβος,
1002 2491 1045 2528 et

549 2557 672 2600 Nem.
704 2554 793 2598 VII
823 2558 876 2598 56
908 2555 1174 2607 εὐδαιμονίαν,
1205 2557 1258 2598 58
1289 2552 1433 2610 ὅλβους

483 2627 650 2670 miseria
681 2625 745 2668 Ol.
776 2624 822 2667 II
856 2627 905 2667 19
936 2627 1067 2680 πῆμα,
1098 2625 1152 2666 23
1183 2622 1347 2675 πένθος,
1381 2626 1434 2666 34
1464 2620 1612 2674 πόνων,
1642 2623 1693 2665 37
1720 2622 1838 2678 πῆμ’,

347 2700 400 2740 52
431 2697 679 2753 ἇφροσυνᾶν,
710 2701 752 2738 et

550 2764 697 2807 Isthm.
729 2763 817 2805 VII
847 2765 872 2805 5
903 2762 1101 2813 πενθέων,
1134 2764 1156 2804 7
1188 2760 1321 2815 κάδεα,
1359 2763 1384 2802 8
1415 2759 1550 2810 πόνον,
1584 2761 1630 2801 ll
1663 2758 1838 2814 μόχθον,

349 2836 400 2878 13
429 2833 625 2889 μέριμναν
636 2851 648 2884 ;

481 2903 598 2946 lucus
630 2903 698 2947 Ol.
728 2902 797 2945 III
830 2904 881 2945 18
911 2900 1035 2953 ἄλσει,
1067 2901 1120 2944 24
1150 2902 1295 2952 κᾶπος,·
