2139 3299
965 244 1081 308 [275]
1678 263 1683 269 ·
1715 244 1764 294 37

286 384 462 444 primum
492 379 599 423 inter
629 376 762 422 σκόλια
799 379 862 432 (fr.
904 380 955 420 87
994 378 1107 434 apud
1146 377 1430 431 Boeckhium)
1470 359 1689 435 postquam
1729 381 1771 421 in

284 470 323 497 v.
344 457 368 495 3
394 450 600 495 Pindarus
622 463 715 490 eam
734 446 872 501 ματέρ’
889 446 1049 501 ἐρώτων
1069 446 1256 501 οὐρανίαν
1277 480 1287 489 .
1311 480 1321 489 .
1340 480 1349 489 .
1373 445 1632 502 Ἀφροδίταν
1652 448 1769 502 dixit,

282 522 358 566 sub
388 521 510 562 finem
542 516 776 572 fragmenti,
808 517 924 558 cuius
955 516 1145 568 ambitus,
1175 529 1271 557 cum
1301 530 1448 557 versus
1470 516 1629 571 aliquot
1646 516 1769 558 inter-

284 591 480 640 ciderint,
524 601 608 628 non
650 587 751 627 satis
792 586 1036 641 perspicuus
1079 588 1164 637 est,
1208 584 1355 626 Venus
1396 598 1421 624 a
1460 585 1587 627 choro
1630 585 1768 626 verbis

285 655 344 713 „03
376 656 545 709 Κύπρου
577 653 786 697 δέσποινα“
819 655 1046 696 invocatur.

416 723 725 767 THETIDEM
764 723 932 779 quidem
973 727 1099 778 poeta
1137 722 1306 778 Pythici
1344 722 1536 764 carminis
1578 723 1689 765 tertii
1727 726 1769 764 et

280 798 323 838 in
342 809 381 837 V.
405 796 457 836 92
479 798 520 835 et
540 794 582 834 111
604 806 640 835 V.
666 794 742 834 101
776 792 923 833 eodem
954 792 1122 833 nomine
1152 793 1318 846 proprio
1349 791 1588 846 appellavit,
1621 807 1766 833 verum

279 866 386 906 inter
406 863 511 903 duos
531 862 622 903 illos
647 875 790 902 versus
811 861 909 902 novi
931 861 1170 915 systematis
1193 861 1353 901 initium
1375 861 1565 915 sumpsit.
1612 859 1767 903 Contra

280 934 322 974 in
364 931 542 972 carmine
581 928 794 971 Nemeaeo
833 929 955 970 tertio
996 933 1218 984 postquam
1258 928 1337 970 dea
1376 929 1417 970 in
1458 942 1494 970 v,
1534 930 1587 970 35
1628 929 1766 971 ποντία

281 999 397 1049 Θέτις
428 999 539 1040 dicta
570 1002 644 1048 est,
675 997 881 1038 Pindarus
912 998 954 1037 in
986 1011 1022 1038 v.
1046 999 1099 1038 57
1130 1012 1281 1040 nomen
1312 999 1400 1039 eius
1424 998 1482 1039 ita
1502 998 1703 1057 variavit,
1719 1002 1766 1039 ut

276 1069 389 1109 illam
423 1065 584 1121 Νηρέος
614 1064 801 1118 θύγατρα
831 1070 1013 1107 vocaret.
1075 1065 1272 1107 Similiter
1301 1066 1453 1120 legitur
1483 1065 1601 1107 Nem.
1623 1067 1689 1108 IV
1709 1069 1764 1109 50

279 1134 416 1186 Θέτις,
445 1149 484 1178 v.
517 1136 569 1179 65
599 1131 845 1186 ὑψιθρόνων
872 1133 970 1187 μίαν
1000 1135 1208 1189 Νηρεΐδων
1238 1138 1279 1176 et
1308 1133 1427 1176 Nem.
1458 1133 1498 1175 V
1529 1136 1582 1176 25
1613 1134 1764 1189 σεμνάν

279 1203 409 1254 Θέτιν,
448 1219 489 1245 v.
522 1204 573 1244 36
610 1203 774 1243 ποντίαν
801 1201 1111 1256 χρυσαλακάτων
1141 1201 1228 1242 τινοῖ
1259 1206 1482 1256 Νηρεῖδων.
1541 1204 1634 1245 Iam
1662 1218 1762 1245 vero

278 1273 320 1313 in
350 1273 532 1313 carmine
562 1271 762 1312 Isthmico
800 1271 978 1326 septimo
1018 1271 1135 1312 initio
1171 1270 1282 1312 facto
1312 1272 1354 1311 in
1385 1287 1426 1313 v.
1457 1273 1509 1313 27
1540 1286 1565 1312 a
1594 1274 1762 1314 nomine

279 1339 421 1390 Θέτιος
450 1344 578 1396 poeta
606 1339 648 1379 in
678 1352 716 1380 v,
746 1340 800 1380 34
831 1352 922 1379 eam
952 1338 1115 1379 ποντίαν
1146 1337 1247 1379 θεόν
1277 1339 1404 1393 dixit3
1444 1353 1520 1381 nec
1555 1341 1691 1382 minus
1721 1342 1763 1382 in

277 1426 317 1451 v.
349 1412 403 1450 43
434 1409 537 1451 deae
568 1422 720 1449 nomen
750 1421 825 1461 per
854 1408 1055 1461 ambages
1085 1407 1277 1460 reddidit,
1308 1408 1377 1449 ubi
1399 1407 1554 1462 Νηρέος
1575 1409 1763 1464 θυγάτηρ

276 1477 441 1533 legitur.
501 1477 551 1518 In
582 1490 620 1517 V.
651 1478 702 1517 47
737 1475 903 1517 demum
940 1475 1147 1517 Pindarus
1182 1475 1235 1517 ad
1273 1476 1593 1531 appellationem
1624 1476 1764 1527 Θέτιος

277 1547 461 1588 recurrit.

411 1614 611 1655 Attamen
641 1612 845 1654 dubitatio
877 1613 991 1654 haud
1022 1613 1127 1654 levis
1157 1613 1278 1654 nobis
1319 1627 1369 1654 eo
1409 1614 1565 1655 morer-i
1608 1618 1761 1668 potest,

277 1683 385 1738 quod
426 1688 552 1737 poeta
591 1686 633 1723 et
671 1683 713 1722 in
745 1681 1102 1723 CHARITIBUS
1143 1686 1184 1723 et
1221 1683 1263 1722 in
1293 1681 1467 1723 MUSIS
1497 1682 1761 1724 nominandis

275 1752 408 1793 multo
440 1751 734 1805 neglegentius
764 1750 873 1791 fecit.
923 1750 1022 1792 Illas
1055 1751 1163 1792 enim
1186 1751 1374 1792 carminis
1396 1751 1601 1806 Olympici
1623 1752 1761 1806 quarti

275 1820 425 1862 decimi
456 1824 497 1861 et
526 1819 568 1860 in
597 1833 634 1860 v,
656 1821 681 1860 4
714 1823 755 1860 et
784 1819 827 1860 in
857 1832 896 1861 v.
920 1820 944 1859 8
976 1818 1124 1860 eodem
1146 1819 1312 1860 nomine
1332 1820 1500 1874 proprio
1524 1820 1759 1876 appellatas

275 1888 635 1943 deprehendimus,
668 1901 763 1928 cum
791 1887 833 1928 in
864 1901 900 1928 V.
934 1889 1098 1928 14—15
1132 1891 1242 1928 θεῶν
1271 1888 1480 1939 κρατίστου
1510 1891 1649 1939 παῖδες
1674 1890 1700 1930 1.
1723 1903 1757 1931 6.

274 1953 388 1999 Iovis
429 1956 538 1997 filiae
578 1956 713 1997 dictae
753 1955 847 1998 sint.
917 1955 966 1996 In
1005 1956 1184 1997 carmine
1223 1960 1365 1997 autem
1403 1955 1584 2012 Pythico
1624 1959 1757 2013 primo

273 2026 487 2067 Musarum
535 2038 687 2066 11011161]
734 2024 777 2065 111
820 2038 861 2065 v.
908 2024 959 2064 14
1010 2023 1179 2078 quidem
1227 2024 1511 2080 appellatione
1559 2026 1758 2079 Πιερίδων

273 2095 479 2136 variatum
510 2099 588 2147 est,
621 2093 693 2134 sed
723 2093 766 2133 in
796 2107 837 2134 v.
860 2094 884 2133 2
916 2098 957 2132 et
988 2106 1026 2134 v.
1051 2093 1102 2133 12
1132 2093 1291 2133 nudum
1313 2097 1464 2134 exstat.
1514 2093 1603 2135 Nec
1622 2095 1757 2137 minus

271 2163 313 2204 in
352 2164 532 2205 carmine
572 2162 770 2204 Isthmico
811 2161 943 2204 altero
984 2161 1192 2203 Pindarus
1234 2166 1452 2217 postquam
1488 2163 1530 2204 111
1568 2177 1606 2205 v.
1638 2165 1664 2205 2
1704 2163 1755 2206 (16

272 2233 486 2274 Musarum
517 2245 641 2274 curru
673 2231 789 2282 dixit,
820 2231 861 2271 in
894 2244 929 2271 V.
963 2231 987 2270 6
1018 2231 1070 2271 ad
1101 2245 1252 2272 nomen
1284 2234 1428 2272 Μοῖσα
1457 2232 1591 2273 rediit.

406 2300 658 2355 Diligentius
702 2297 1032 2341 GORGONUM
1073 2312 1225 2341 nomen
1267 2299 1308 2340 in
1355 2300 1535 2342 carmine
1577 2300 1753 2355 Pythico

272 2368 517 2410 duodecimo
548 2367 710 2409 variare
741 2367 892 2420 voluit,
933 2380 1016 2421 quo
1049 2367 1403 2421 quemadmodum
1433 2368 1618 2408 Minerva
1650 2369 1753 2410 (301·-

271 2450 429 2490 gonum
470 2436 520 2476 de
561 2435 763 2476 Medusae
804 2435 957 2476 sororis
998 2440 1132 2475 morte
1170 2434 1354 2476 lamenta
1398 2439 1519 2489 atque
1561 2435 1752 2489 planctus

270 2505 429 2545 imitata
468 2503 664 2545 tibiarum
707 2508 837 2545 artem
883 2503 1108 2558 inveniret,
1158 2504 1336 2544 relatum
1383 2508 1457 2545 est.
1526 2503 1669 2558 Atque
1710 2505 1787 2545 in'

270 2587 310 2616 v.
334 2575 356 2615 7
389 2571 554 2628 quidem
584 2572 678 2614 illae
710 2586 870 2617 sorores
901 2571 1075 2614 audiunt
1096 2570 1305 2626 Γοργόνες,
1338 2571 1413 2613 sed
1434 2572 1476 2613 in
1498 2587 1534 2613 v.
1557 2573 1581 2613 9
1602 2586 1751 2615 nomen

271 2655 412 2683 earum
450 2655 525 2696 per
555 2635 752 2697 ambages
782 2643 989 2696 expressit
1017 2641 1237 2682 Pindarus.
1296 2639 1485 2694 Namque
1523 2643 1753 2694 παρθενίοις

270 2713 460 2765 κεφαλαῖς
484 2708 637 2751 dictum
658 2710 823 2752 videtur
842 2723 917 2765 pro
938 2713 1128 2765 κεφαλαῖς
1148 2707 1363 2761 παρθένων
1381 2708 1406 2750 1.
1431 2723 1467 2751 6.
1494 2708 1751 2764 Gorgonum.

246 2778 358 2835 *Iam
380 2789 478 2817 vero
500 2782 721 2834 postquam
742 2779 785 2820 111
804 2793 844 2821 v.
869 2780 916 2820 11
941 2783 1067 2833 poeta
1088 2777 1366 2832 appellatione
1390 2782 1632 2832 κασιγνητᾶν
1651 2794 1752 2822 usus

271 2849 353 2895 est,
391 2845 434 2885 in
463 2858 501 2886 v.
537 2848 587 2887 13
618 2846 792 2888 eaedem
830 2847 1094 2888 nominantur
1133 2844 1300 2898 Φόρκοιο
1336 2844 1467 2898 γένος,
1505 2846 1699 2901 quoniam
1727 2863 1753 2891 a

270 2914 435 2956 Phorco
478 2923 598 2970 patre
642 2922 766 2958 natae
810 2920 918 2957 sunt.
997 2914 1136 2970 Atque
1180 2913 1285 2955 adeo
1330 2914 1372 2954 in
1420 2929 1457 2956 v.
1499 2916 1553 2956 20
1597 2929 1752 2958 novum

1574 2983 1618 3019 3*
