2139 3299
329 1058 443 1098 Inter
472 1058 619 1111 poesin
652 1057 912 1098 Graecorum
944 1058 1102 1112 epicam
1138 1063 1178 1098 et
1208 1058 1377 1112 lyricam
1420 1073 1512 1099 cum
1553 1060 1682 1100 multa

194 1127 273 1169 alia
303 1125 566 1168 intercedunt
597 1125 850 1176 discrimina,
883 1130 970 1166 tum
1003 1130 1152 1181 poetae
1184 1126 1290 1180 epici
1321 1127 1370 1167 ad
1405 1132 1538 1169 certas
1568 1128 1682 1182 leges

194 1195 289 1236 inde
321 1196 374 1235 ab
404 1194 580 1234 Homeri
611 1194 867 1247 temporibus
901 1195 1148 1234 constitutas
1181 1195 1339 1247 alligati
1370 1208 1453 1234 non
1486 1195 1536 1234 ad
1561 1210 1681 1235 suum

196 1263 433 1316 arbitrium,
475 1262 546 1304 sed
589 1263 814 1304 secundum
857 1263 1042 1317 priorum
1080 1267 1297 1317 poetarum
1337 1278 1456 1304 usum
1489 1269 1685 1318 poemata

194 1331 445 1384 scribebant,
478 1331 617 1385 lyricis
648 1336 788 1371 autem
820 1331 950 1372 multo
981 1331 1112 1371 maior
1143 1334 1233 1371 erat
1262 1330 1429 1372 licentia
1468 1332 1507 1371 in
1542 1332 1683 1372 carmi-

194 1401 315 1442 nibus
347 1398 591 1454 pangendis.
652 1399 758 1440 Nam
791 1413 883 1440 cum
915 1400 1095 1440 carmina
1126 1400 1230 1453 epici
1263 1400 1497 1452 argumenti
1535 1401 1682 1440 eodem

193 1481 318 1509 versu
359 1467 488 1508 heroo
531 1465 630 1507 κατά
664 1467 799 1520 στίχον
837 1468 1070 1521 conscripta
1115 1468 1195 1507 sint
1235 1480 1370 1520 neque
1410 1468 1517 1507 ullus
1556 1473 1683 1521 poeta

194 1550 351 1578 novum
382 1540 559 1577 metrum
592 1534 643 1576 ad
682 1535 881 1576 eiusmodi
919 1541 1211 1589 argumentum
1254 1536 1450 1576 continuo
1490 1539 1684 1590 poemate

196 1604 505 1659 depingendum
529 1604 725 1645 adhibere
747 1617 872 1645 ausus
894 1606 960 1657 sit,
984 1604 1098 1659 lyrici
1124 1608 1239 1645 tanta
1260 1609 1434 1645 utuntur
1456 1610 1681 1646 metrorum

195 1674 417 1725 varietate,
460 1678 505 1714 ut
546 1687 733 1714 summae
773 1673 821 1714 iis
850 1673 967 1713 laudi
999 1673 1167 1713 ductum
1201 1687 1291 1714 esse
1324 1673 1516 1714 videatur
1546 1674 1683 1714 multi-

192 1741 368 1795 plicibus
402 1740 603 1795 variisque
634 1740 824 1781 versibus
857 1741 1039 1780 carmina
1069 1740 1295 1781 includere.
1357 1740 1507 1781 Nonne
1539 1755 1564 1782 a
1591 1742 1682 1795 ple-

192 1809 328 1864 risque
371 1824 423 1850 ex
463 1809 698 1850 clarissimis
737 1810 869 1863 poetis
910 1809 1076 1850 nomina
1125 1814 1344 1849 traxerunt
1387 1814 1531 1859 metra,
1575 1823 1681 1863 quae

195 1883 267 1917 aut
319 1877 497 1931 primum
555 1881 629 1917 aut
688 1876 985 1930 perfectissime
1046 1877 1097 1917 ab
1149 1877 1196 1917 iis
1249 1877 1480 1930 composita
1535 1878 1680 1917 erant?

195 1945 376 1985 Maxime
409 1949 550 1985 autem
581 1945 660 1985 hoc
690 1959 891 1986 novorum
924 1949 1153 1985 metrorum
1189 1944 1371 1985 studium
1404 1948 1445 1984 et
1477 1944 1682 1998 cupiditas

194 2013 236 2054 in
273 2013 444 2055 choricis
478 2012 725 2068 conspicitur
755 2013 903 2067 poetis.
963 2012 1131 2054 Etenim
1164 2026 1255 2053 cum
1286 2012 1324 2052 in
1359 2012 1505 2053 ceteris
1547 2013 1683 2067 poesis

194 2082 346 2136 lyricae
377 2082 599 2135 generibus
632 2086 673 2123 et
704 2082 751 2130 is,
783 2082 851 2135 qui
883 2086 1060 2122 metrum
1091 2082 1331 2131 invenerat,
1368 2081 1515 2122 eodem
1547 2087 1681 2122 metro

193 2151 358 2206 saepius
389 2150 442 2192 ad
475 2150 657 2191 carmina
686 2149 909 2204 pangenda
942 2153 1139 2202 uteretur,
1173 2154 1215 2190 et
1236 2149 1325 2189 aliis
1347 2150 1498 2203 poetis,
1531 2150 1561 2190 si
1584 2150 1683 2204 ipsis

193 2231 338 2271 parum
372 2218 584 2259 sollertiae
614 2218 768 2269 inerat,
802 2232 826 2257 a
856 2217 1081 2258 maioribus
1114 2218 1283 2257 inventa
1317 2221 1450 2258 metra
1482 2231 1684 2271 usurpare

192 2285 358 2337 liceret,
399 2286 582 2327 carmina
623 2286 791 2327 chorica
831 2286 883 2327 ad
928 2300 1056 2326 unum
1099 2286 1234 2327 omnia
1277 2285 1450 2327 diversis
1491 2285 1596 2326 inter
1636 2300 1682 2327 se

194 2354 337 2394 metris
380 2358 421 2394 et
462 2355 691 2407 composita
732 2360 827 2395 sunt
872 2360 915 2395 et
956 2355 1149 2408 componi
1184 2355 1272 2395 sine
1305 2354 1428 2394 (lubio
1460 2353 1681 2395 debebant.

194 2421 343 2476 Itaque
381 2421 611 2476 Pindarus,
661 2422 855 2477 princeps
901 2422 1125 2477 lyricorum
1167 2422 1445 2473 Graecorum,
1496 2422 1682 2475 singulos

195 2489 330 2541 viros,
362 2490 432 2543 qui
463 2490 679 2545 Olympia,
712 2491 883 2545 Pythia,
914 2490 1094 2543 Nemea,
1127 2491 1303 2531 Isthmia
1335 2491 1535 2541 vicerant,
1565 2491 1682 2530 novis

197 2561 239 2598 et
284 2559 334 2598 ad
382 2558 456 2599 has
506 2560 617 2613 ipsas
668 2559 933 2599 victoriarum
986 2558 1224 2599 occasiones
1273 2558 1450 2598 inventis
1500 2558 1683 2599 numeris

194 2625 419 2666 celebravit
449 2641 525 2668 nec
556 2627 649 2681 plus
682 2626 811 2667 semel
840 2627 881 2667 in
921 2626 1081 2667 duobus
1120 2626 1394 2666 carminibus¹
1433 2626 1474 2666 in
1506 2625 1682 2666 eundem

196 2694 327 2734 virum
387 2695 550 2750 scriptis
604 2695 774 2736 consilio
837 2700 879 2736 et
936 2695 1096 2735 ratione
1147 2694 1295 2734 duetus
1352 2693 1498 2734 eodem
1549 2698 1682 2734 metro

194 2776 293 2803 usus
324 2767 401 2804 est.
463 2763 546 2804 Sed
578 2778 628 2805 ne
662 2764 767 2804 hanc
809 2763 974 2818 quidem
1005 2762 1295 2817 repetitionem
1338 2762 1523 2802 eiusdem
1563 2763 1683 2803 metri

195 2830 456 2872 tolerandam
487 2832 568 2873 rati
597 2832 759 2887 plurimi
794 2846 846 2872 ex
878 2831 1178 2873 recentioribus
1222 2830 1454 2871 editoribus
1495 2830 1579 2871 duo
1613 2832 1683 2871 illa

330 2959 339 2980 ¹
367 2958 489 2992 Isthm.
517 2958 572 2991 ΙΙΙ
598 2962 634 2991 et
662 2960 722 2992 IV.

1508 3010 1549 3045 1*
