2139 3299
381 298 385 303 -
451 272 503 313 40
891 309 893 316 ,
1133 265 1254 322 [278]

450 398 561 439 tertii
590 398 632 438 in
665 411 699 437 v.
731 398 901 438 47—48
938 397 1113 450 legimus
1154 394 1354 448 Κρονίδαν
1393 392 1626 446 Κένταυρον
1664 396 1705 434 et
1744 392 1786 432 in
1816 403 1855 432 V.
1885 391 1939 433 53

446 466 672 520 βαθυμῆτα
704 465 877 518 Χείρων.

583 533 675 575 Iam
706 547 808 575 vero
839 534 881 574 in
913 534 1094 575 carmine
1123 532 1323 574 Isthmico
1355 531 1518 586 quinto,
1559 544 1641 586 quo
1674 542 1817 571 omnes
1850 526 1937 568 fere

448 601 600 644 heroes
631 601 892 657 Aeginenses
932 602 1085 644 eximia
1120 603 1377 643 exornantur
1416 599 1554 652 laude,
1585 594 1866 640 TELAMON
1895 595 1938 636 in

448 684 488 713 V.
521 671 589 724 27,
632 685 725 713 cum
766 674 890 713 antea
919 670 1058 712 Aiacis
1098 670 1171 711 filii
1210 669 1365 711 mentio
1408 667 1519 709 facta
1549 667 1623 721 sit,
1655 664 1935 722 appellatione

446 738 597 792 πατρός
635 739 899 781 introductus
938 742 1029 780 tum
1068 738 1262 789 demum,
1307 740 1530 792 postquam
1568 735 1612 776 in
1650 748 1688 776 V.
1720 736 1772 775 35
1812 734 1938 787 poeta

447 819 542 848 eum
572 807 774 849 Αἰακίδαν
803 807 929 860 dixit,
960 804 1006 850 in
1039 820 1077 849 V.
1109 807 1163 847 40
1199 820 1275 848 suo
1317 805 1484 847 nomine
1524 807 1712 845 vocatur.
1771 799 1935 843 Deinde

444 876 488 916 in
527 889 566 918 V.
608 877 662 917 46
704 875 912 917 Pindarus
957 875 1068 917 illius
1112 888 1264 917 nomen
1309 873 1483 915 artificio
1531 872 1714 927 quodam
1757 868 1935 912 reddens

445 942 676 984 Herculem
706 957 730 985 a
760 944 1009 998 Telamone,
1043 958 1166 999 quem
1196 944 1249 984 ad
1291 933 1572 997 expeditionis
1614 939 1816 981 adversus
1856 936 1936 977 La-

447 1011 716 1054 omedontem
747 1014 994 1056 societatem
1025 1013 1234 1064 invitaret,
1263 1012 1445 1066 hospitio
1476 1015 1696 1065 acceptum
1725 1010 1767 1048 et
1796 1005 1936 1062 phiala

444 1079 607 1131 oblata,
657 1085 705 1122 ut
748 1081 990 1123 libationem
1039 1082 1220 1134 faceret,
1274 1081 1533 1123 admonitum
1576 1079 1723 1120 Iovem
1772 1079 1934 1131 patrem

443 1149 485 1190 in
524 1152 624 1191 vota
663 1164 838 1193 vocasse
878 1151 1027 1204 refert,
1079 1156 1125 1193 ut
1163 1149 1277 1204 ἀνδρὶ
1315 1150 1418 1207 τῷδε
1464 1149 1594 1191 filium
1633 1147 1809 1189 donaret
1847 1148 1935 1185 tam

442 1217 610 1258 firmum
640 1231 827 1273 corpore,
858 1232 983 1274 quam
1013 1220 1181 1262 leonina
1211 1224 1321 1262 esset
1350 1219 1485 1273 pellis.
1531 1217 1729 1258 Attamen
1750 1214 1791 1254 in
1818 1227 1857 1254 V.
1880 1212 1932 1253 52

443 1290 594 1340 poeta,
625 1301 720 1328 cum
750 1301 775 1328 a
796 1301 907 1329 novo
939 1292 1166 1342 systemate
1195 1287 1418 1342 inceperit,
1450 1286 1502 1327 ad
1524 1297 1675 1327 nomen
1696 1281 1932 1324 Telamonis

444 1354 633 1396 recurrit.

577 1422 776 1465 Eiusdem
796 1424 946 1478 scelus,
979 1424 1092 1479 quod
1114 1438 1199 1466 una
1222 1438 1316 1465 cum
1336 1423 1466 1465 Peleo
1488 1424 1531 1464 in
1550 1422 1741 1463 Phocum
1760 1420 1932 1462 fratrem

442 1503 686 1545 germanum
717 1490 920 1546 ediderat,
952 1506 1045 1533 cum
1076 1492 1117 1533 in
1149 1493 1332 1534 carmine
1353 1490 1563 1533 Nemeaeo
1596 1490 1739 1545 quinto
1766 1488 1933 1543 exposi-

440 1563 529 1600 tum
561 1559 628 1614 sit,
660 1559 743 1602 duo
773 1560 833 1601 illi
863 1560 1030 1616 fratres,
1071 1575 1178 1617 quos
1207 1562 1248 1602 in
1278 1574 1316 1603 V.
1351 1561 1376 1601 8
1414 1563 1541 1616 poeta
1599 1559 1799 1607 Αἰακίδας
1827 1570 1932 1599 nun-

440 1629 633 1683 cupavit,
675 1629 715 1670 in
756 1643 794 1672 V.
839 1630 891 1670 12
926 1628 1129 1680 Ἐνδαῖὶῖος
1169 1629 1387 1683 ἀριγνῶτες
1428 1628 1511 1671 υἱοί
1549 1628 1648 1670 dieti
1690 1631 1798 1669 sunt.
1864 1624 1932 1668 Ex

438 1696 627 1740 Endeide
669 1700 777 1741 enim
818 1700 902 1741 filia
938 1699 1131 1742 Chironis
1171 1700 1336 1742 Aeacus
1375 1699 1550 1741 Peleum
1591 1702 1632 1739 et
1662 1696 1932 1739 Telamonem

439 1766 548 1808 filios
579 1773 797 1822 genuerat,
829 1782 924 1809 cum
955 1769 1125 1810 Phocus
1156 1783 1209 1810 ex
1240 1773 1372 1810 matre
1397 1767 1623 1810 Psamathe
1654 1770 1775 1808 natus
1806 1769 1929 1807 esset.

437 1835 488 1878 In
519 1850 556 1878 V.
583 1839 634 1879 15
667 1840 808 1880 autem
828 1837 1038 1880 Pindarus
1059 1838 1224 1881 illorum
1246 1837 1414 1880 nomina
1439 1837 1496 1878 ita
1516 1835 1751 1892 significare
1773 1833 1931 1886 maluit,

435 1909 484 1946 ut
515 1919 588 1947 eos
620 1903 765 1957 ἄνδρας
795 1904 985 1957 ἀλκίμους
1015 1911 1198 1948 vocaret.

573 1972 801 2016 Praeterea
831 1972 1091 2016 PERSEUS
1124 1974 1316 2016 carminis
1346 1973 1509 2029 Pythici
1552 1971 1701 2014 decimi
1730 1972 1773 2013 in
1804 1985 1842 2013 V.
1875 1972 1924 2013 31

435 2054 511 2082 suo
542 2042 709 2083 nomine
740 2042 975 2097 appellatus
1007 2043 1048 2084 in
1078 2056 1115 2085 V.
1142 2044 1196 2084 45
1228 2043 1378 2084 dicitur
1399 2040 1560 2091 Δανάας
1580 2044 1681 2090 παῖς.
1733 2039 1928 2081 Similiter

435 2108 477 2149 in
508 2111 692 2151 carmine
714 2110 891 2165 Pythice
924 2110 1173 2153 duodecimo
1195 2115 1418 2167 postquam
1438 2115 1567 2165 poeta
1587 2109 1628 2150 in
1650 2123 1691 2151 V.
1717 2110 1762 2149 11
1789 2107 1927 2149 denuo

435 2178 488 2219 ab
518 2177 630 2219 illius
662 2179 828 2221 nomine
858 2180 1027 2235 proprio
1059 2181 1224 2222 initium
1255 2181 1387 2236 cepit,
1426 2180 1469 2220 in
1504 2192 1539 2220 V.
1574 2180 1623 2220 17
1660 2181 1833 2218 Vocatus
1864 2180 1928 2218 est

433 2244 520 2296 υἱὸς
551 2246 741 2298 Δανάας,
771 2249 814 2289 in
845 2262 883 2290 V.
919 2248 969 2289 18
1000 2249 1206 2291 Pindarus
1233 2263 1384 2291 nomen
1416 2249 1504 2290 eius
1537 2261 1586 2289 ea
1616 2250 1704 2288 arte
1734 2244 1927 2297 reddidit,

433 2318 480 2356 ut
511 2328 609 2357 eum
648 2316 762 2372 φίλον
800 2315 924 2371 ἄνδρα
962 2318 988 2360 i.
1022 2332 1056 2360 e.
1090 2318 1223 2360 virum
1253 2318 1297 2369 (a
1329 2315 1539 2371 Minerva)
1570 2315 1765 2357 dilectum
1796 2313 1927 2355 nomi-

433 2390 565 2426 naret.

569 2452 742 2495 IXION
771 2458 925 2509 autem,
959 2456 1074 2498 cuius
1105 2456 1261 2512 nudum
1293 2469 1445 2498 nomen
1477 2456 1519 2497 in
1547 2453 1740 2496 carminis
1760 2449 1926 2506 Pythici

432 2522 602 2564 alterius
646 2537 685 2564 V.
727 2525 776 2564 21
822 2524 1023 2578 legimus,
1077 2525 1120 2566 in
1161 2539 1200 2567 V.
1244 2527 1297 2567 29
1348 2523 1449 2578 ἀνήρ
1501 2527 1576 2565 est.
1649 2519 1739 2562 Nec
1790 2520 1926 2560 minus

431 2589 472 2630 in
504 2605 544 2632 V.
576 2590 625 2631 31
660 2590 770 2645 ἣρως
801 2592 926 2635 Ixion
964 2594 1272 2648 intellegendus
1312 2598 1397 2647 est,
1442 2607 1534 2634 cum
1573 2593 1615 2633 in
1647 2603 1683 2631 V.
1715 2591 1766 2631 37
1800 2592 1926 2644 poeta

432 2658 485 2700 ad
538 2660 862 2716 appellationem
917 2661 1082 2718 (ἄὶὸρις)
1139 2660 1244 2718 ἀνήρ
1299 2662 1480 2706 redierit.
1561 2660 1678 2710 Quae
1730 2658 1923 2715 repetitio

432 2729 599 2770 cumin
635 2730 683 2770 iis
726 2731 903 2772 duarum
942 2732 1208 2787 stropharum
1248 2733 1369 2785 locis,
1409 2733 1479 2788 qui
1520 2733 1628 2772 inter
1667 2744 1714 2772 se
1754 2742 1924 2784 respon-

434 2796 558 2852 dent,
588 2797 699 2840 facta
729 2799 799 2853 sit,
845 2801 986 2842 nescio
1017 2815 1071 2843 an
1102 2800 1309 2844 Pindarus
1339 2801 1379 2842 id
1412 2800 1562 2855 egerit,
1605 2803 1651 2841 ut
1680 2798 1925 2854 repetitione

431 2865 618 2907 eiusdem
666 2868 863 2910 vocabuli
912 2869 1132 2911 coniuncta
1192 2884 1286 2912 cum
1346 2869 1493 2912 eodem
1552 2869 1923 2911 instrumentorum

431 2939 633 2977 concentu
668 2940 710 2976 et
741 2950 966 2991 corporum
996 2937 1037 2979 in
1074 2937 1265 2981 saltando
1309 2941 1425 2981 motu
1465 2938 1624 2980 animos
1664 2937 1922 2981 audientium
