2139 3299
411 262 465 304 22
1103 259 1222 315 [260]

408 388 512 430 urbe
543 387 647 430 deae
678 402 797 430 sacra
827 386 1053 441 nominari,
1084 389 1130 427 ut
1160 386 1265 428 haec
1295 386 1454 427 maiore
1485 387 1710 429 verborum
1751 387 1910 442 magni-

407 457 576 498 ficentia
607 462 790 509 ornetur,
819 457 902 497 iam
933 467 1059 509 supra
1081 454 1363 496 ostendimus.

548 525 597 567 In
630 526 813 567 carmine
842 523 1042 566 Isthmico
1075 523 1208 578 primo
1243 523 1283 564 in
1306 522 1497 565 Thebani
1520 524 1690 566 victoris
1711 524 1908 567 honorem

410 594 666 648 composito,
697 594 770 633 ubi
802 593 1034 633 invenimus
1065 592 1106 631 in
1129 605 1162 631 V.
1191 594 1210 631 1
1246 593 1393 642 Μᾶτερ
1423 590 1526 642 ἐμά,
1555 591 1757 644 χρύσασπι
1780 592 1911 646 Θήβα,

409 675 448 704 v.
476 664 526 703 10
557 662 729 714 πατρίδι,
760 675 796 701 V.
821 663 870 702 15
903 659 1070 714 Θήβαις,
1101 675 1141 701 V.
1165 661 1217 701 25
1249 658 1452 714 ῥεέθροισι
1486 659 1651 712 Δίρκας,
1682 674 1717 700 v.
1742 661 1908 702 58—59

409 729 650 779 ἑπταπύλοις
691 728 888 782 Θήβαισι,
929 728 1041 784 quod
1082 729 1124 770 in
1163 742 1201 770 V.
1237 730 1286 770 15
1319 733 1360 770 et
1390 730 1443 770 59
1484 727 1537 769 ad
1578 727 1909 771 THEBARUM

409 813 562 841 nomen
594 799 842 852 recurritur,
886 812 994 841 cum,
1014 790 1234 853 utramque
1269 798 1563 853 repetitionem
1596 798 1907 840 circumlocutio

406 867 655 922 interposita
685 867 922 921 praecedat,
954 867 1104 907 mirum
1136 881 1217 907 non
1248 872 1324 907 est.

543 934 695 986 Faullo
728 936 861 976 maior
892 934 1100 977 dubitatio
1131 935 1253 976 nobis
1285 948 1334 976 eo
1367 940 1577 988 movetur,
1610 934 1722 989 quod
1753 935 1793 976 in
1827 934 1908 976 oda

406 1003 589 1057 Pythica
619 1010 782 1058 quarta,
813 1017 894 1058 qua
916 1004 982 1044 vel
1003 1004 1246 1057 longissima
1271 1003 1456 1044 omnium
1478 1003 1683 1043 Pindarus
1704 1002 1908 1044 Arcesilai

410 1070 781 1112 CYRENARUM
803 1072 911 1125 regis
934 1072 1148 1113 victoriam
1176 1072 1363 1120 curulem
1386 1072 1622 1124 illustravit,
1654 1084 1908 1126 quamquam

406 1141 574 1195 saepius
614 1140 668 1181 de
711 1140 815 1182 urbe
857 1141 949 1196 ipsa
987 1141 1146 1195 agitur,
1195 1141 1300 1182 haec
1344 1140 1491 1182 eodem
1533 1154 1696 1195 semper
1737 1140 1906 1181 nomine

408 1209 622 1263 appellata
653 1218 728 1250 est.
779 1209 887 1250 Nam
925 1223 1016 1251 cum
1049 1223 1200 1251 nomen
1223 1208 1480 1264 Cyrenarum
1512 1209 1729 1264 proprium
1760 1214 1860 1250 etv.
1882 1209 1907 1249 2

408 1281 449 1317 et
489 1291 529 1317 v.
573 1278 625 1318 62
670 1281 711 1321 et
750 1293 789 1319 v.
834 1279 912 1318 261
961 1283 1003 1318 et
1043 1291 1082 1319 V.
1123 1279 1204 1318 276
1249 1282 1291 1319 et
1332 1291 1369 1317 v,
1411 1279 1491 1318 279
1533 1276 1907 1332 deprehendannoe,

409 1345 522 1399 quod
550 1345 695 1386 ultimo
716 1345 809 1386 loco
832 1346 914 1387 duo
936 1350 1099 1386 tantum
1122 1359 1265 1387 versus
1285 1346 1393 1386 inter
1416 1345 1584 1386 easdem
1605 1345 1906 1400 appellationes

407 1414 638 1466 intersunt,
681 1414 905 1455 molestum
943 1427 1043 1454 sane
1074 1414 1300 1454 videbitur.
1359 1414 1505 1468 Itaque
1536 1414 1723 1468 quamvis
1755 1426 1792 1454 v,
1826 1414 1904 1453 277

405 1481 614 1522 Pindarus
647 1482 741 1523 novi
773 1482 1011 1536 systematis
1042 1482 1209 1522 initium
1239 1483 1478 1536 sumpserit,
1509 1485 1649 1521 tamen
1673 1481 1904 1526 conceden-

405 1549 506 1590 dum
533 1555 595 1591 est
626 1555 796 1604 poetam
822 1563 906 1591 non
929 1549 1098 1605 quidem
1123 1550 1363 1591 discessisse
1385 1563 1410 1590 a
1430 1549 1523 1603 lege
1546 1549 1631 1601 illa,
1663 1562 1788 1604 quam
1811 1562 1904 1589 eum

405 1619 605 1661 statuisse
629 1618 706 1659 sibi
728 1619 850 1660 certis
870 1619 1128 1672 argumentis
1148 1617 1453 1660 demonstrasse
1472 1618 1591 1659 nobis
1609 1617 1810 1670 videmur,
1831 1617 1903 1659 sed

403 1688 500 1741 quia
532 1686 788 1741 Cyrenaicae
817 1687 986 1727 fabulae
1027 1712 1080 1718 —
1121 1687 1155 1727 si
1195 1687 1361 1741 quidem
1402 1687 1481 1727 illis
1523 1686 1781 1739 temporibus
1822 1687 1904 1726 iam

403 1754 597 1796 excultae
630 1760 749 1795 erant
773 1776 827 1782 —
852 1755 889 1796 ei
910 1768 1058 1808 parum
1082 1760 1201 1796 erant
1222 1760 1361 1807 notae,
1389 1756 1546 1796 nullam
1569 1754 1752 1795 Pindaro
1777 1754 1904 1795 facul-

404 1826 535 1863 tatem
566 1821 695 1863 fuisse
726 1822 874 1864 urbem
901 1821 1058 1864 maiore
1082 1821 1305 1863 verborum
1339 1828 1491 1864 ornatu
1513 1821 1793 1877 nuncupandi,
1825 1822 1904 1864 nisi

402 1890 453 1929 ad
477 1890 674 1943 vulgares
697 1891 946 1944 confugeret
966 1891 1213 1932 locutiones.
1260 1891 1380 1938 Quae
1403 1892 1612 1932 sententia
1636 1905 1685 1932 eo
1702 1892 1902 1943 firmatur,

402 1957 514 2012 quod
548 1972 602 2000 ne
634 1958 675 1998 in
705 1958 1358 2013 proxinn)‹pfidenicarnnnein
1385 1958 1901 2014 eundeniregeniscfipto

401 2025 479 2067 nisi
519 2026 560 2065 in
594 2041 634 2067 v.
666 2028 745 2078 49,
791 2026 865 2067 ubi
906 2027 1146 2080 generalem
1185 2027 1513 2082 appellationem
1558 2027 1763 2079 πατρωίαν
1793 2025 1905 2067 πόλιν

400 2093 658 2147 invenimus,
703 2092 965 2149 Cyrenarum
1005 2108 1159 2135 nomen
1199 2094 1285 2135 ullo
1317 2095 1443 2136 modo
1477 2094 1684 2136 variatum
1716 2100 1791 2137 est.
1854 2094 1902 2135 In

402 2162 590 2204 eiusdem
632 2162 725 2203 libri
767 2163 849 2203 oda
891 2176 1001 2204 nona
1041 2163 1229 2218 quidem,
1272 2164 1342 2204 ubi
1382 2164 1535 2218 legitur
1566 2177 1604 2206 v,
1639 2166 1664 2205 4
1695 2162 1904 2217 Κυράνας,

404 2245 442 2272 v.
475 2232 500 2272 6
532 2231 736 2284 παρθένον
766 2230 1000 2285 ἀγροτέραν,
1034 2247 1074 2274 v.
1110 2234 1161 2273 13
1193 2231 1319 2289 κούρᾳ
1347 2230 1508 2283 Ὑψέος,
1542 2248 1582 2275 v.
1618 2232 1668 2275 18
1695 2231 1902 2285 Κυράναν,

401 2315 440 2342 v.
463 2301 517 2341 56
549 2298 693 2341 εὐκλέα
717 2298 890 2354 νύμφαν,
922 2313 959 2341 v.
983 2301 1032 2341 61
1068 2300 1187 2355 φίλας
1217 2299 1295 2341 ὑπό
1327 2299 1512 2353 ματέρος,
1545 2315 1582 2342 v.
1606 2302 1658 2342 69
1690 2301 1902 2342 καλλίσταν

400 2367 526 2419 πόλιν,
557 2384 596 2410 v.
621 2369 673 2410 73
706 2367 915 2421 Κυράναν,
947 2384 986 2410 v.
1009 2370 1056 2409 91
1094 2367 1208 2410 πόλιν
1240 2368 1370 2419 τάνδε,
1403 2369 1610 2411 Pindarus
1642 2383 1725 2410 non
1747 2369 1901 2411 frustra

401 2438 606 2480 maiorem
641 2436 806 2479 dicendi
837 2437 1075 2478 ubertatem
1107 2443 1148 2479 et
1180 2438 1340 2492 copiam
1374 2439 1429 2479 ita
1469 2439 1693 2492 appetivit,
1731 2444 1778 2479 ut
1817 2453 1899 2480 non

400 2506 536 2546 solum
563 2505 693 2560 ipsius
718 2505 833 2546 urbis
857 2505 1003 2546 laudes
1026 2511 1262 2558 exornaret,
1290 2505 1365 2547 sed
1388 2507 1511 2548 etiam
1535 2507 1671 2548 varios
1692 2507 1901 2561 nymphae

401 2573 584 2629 Cyrenes
637 2588 759 2615 casus
810 2587 962 2628 nempe
1014 2578 1060 2614 ut
1109 2574 1349 2615 conditricis
1399 2575 1605 2616 artissime
1657 2587 1751 2615 cum
1796 2575 1900 2617 urbe

400 2643 648 2684 conhuumae
687 2648 928 2695 enammret3
972 2655 1048 2682 nec
1089 2646 1229 2683 uunen
1269 2656 1345 2697 per
1385 2643 1526 2684 onusta
1570 2643 1753 2684 carnnna
1793 2644 1901 2684 hanc

399 2711 607 2752 rationem
639 2711 758 2766 sequi
788 2711 923 2753 voluit
954 2715 1096 2766 poeta,
1128 2725 1181 2753 ne
1214 2711 1364 2753 eodem
1395 2711 1568 2753 artificio
1602 2711 1781 2766 repetito
1811 2715 1898 2753 tae-

398 2780 512 2822 dium
545 2787 747 2824 moveret.

534 2849 602 2891 Ex
652 2850 801 2892 ceteris
856 2849 1030 2891 urbibus
1080 2848 1421 2904 exquisitioribus
1474 2848 1613 2890 verbis
1670 2849 1898 2890 instructae

398 2921 494 2960 sunt
525 2918 625 2960 hae:
