2139 3299
934 269 1052 325 [271]
1692 271 1745 311 33

254 406 294 446 in
318 404 498 462 Pythico
524 403 671 459 prime,
702 400 774 441 ubi
795 399 906 440 idem
929 398 1172 449 invenimus,
1204 402 1328 439 antea
1350 399 1415 440 vel
1441 402 1588 454 postea
1609 399 1744 442 uberi·

257 475 397 515 oribus
420 473 557 514 verbis
579 483 672 512 eum
697 467 932 522 compellet.
983 466 1064 507 Sed
1092 466 1216 507 etiam
1236 472 1406 521 praeter
1427 467 1531 508 haec
1550 468 1745 524 exempla

253 542 460 583 Pindarus
501 537 709 581 nonnullis
748 537 847 577 locis
880 535 993 576 Iovis
1033 548 1183 576 nomen
1215 535 1524 589 quodammodo
1558 537 1743 580 variavit.

253 611 425 665 Legitur
468 608 577 651 enim
619 606 684 647 Ol.
717 603 781 644 VI
812 606 836 645 5
878 603 997 654 Διός,
1035 617 1073 645 V.
1106 605 1159 644 68
1199 604 1322 655 πατρί
1358 602 1462 656 (scil.
1499 603 1743 657 Ἡρακλέος),

250 694 288 722 V.
323 682 374 721 70
407 676 558 730 Ζηνός,
601 688 638 715 V.
670 676 720 715 81
757 671 828 713 σῦν
858 671 1122 729 βαρυγδούπῳ
1163 673 1286 724 πατρί
1320 680 1360 714 et
1392 673 1538 715 Isthm.
1570 674 1657 715 VII
1692 677 1742 716 18

253 748 355 802 Ζηνὶ
375 743 541 801 βασιλέὶ)
574 756 612 785 v,
636 742 689 783 23
719 739 1021 798 βαρυσφαράγῳ
1051 741 1183 792 πατρί,
1215 754 1252 782 V.
1274 742 1325 782 27
1355 739 1476 791 Ζεύς,
1507 755 1545 784 V.
1567 744 1620 785 35
1642 744 1748 796 Ζηνί

252 823 293 858 et
327 814 434 865 Διός.

388 884 477 925 Iam
509 883 649 923 locum
680 879 874 921 codicum
904 878 1155 919 auctoritate
1186 878 1320 919 minus
1351 878 1561 920 firmatum
1586 880 1743 921 exami-

256 954 459 995 nabimus.
538 949 706 992 Etenim
750 946 977 990 CRONOS
1029 951 1250 1003 postquam
1301 948 1493 989 carminis
1536 948 1745 1005 Olympici

253 1023 421 1064 alterius
442 1022 482 1061 in
507 1034 543 1059 v.
571 1020 621 1059 70
643 1032 716 1058 suo
738 1017 908 1057 nomine
932 1021 1278 1057 commemoratus
1300 1020 1373 1067 est,
1397 1017 1437 1057 in
1461 1032 1497 1057 v.
1519 1019 1570 1058 76
1593 1018 1742 1059 dicitur

255 1089 385 1143 πατήρ
417 1088 522 1137 Διός.
574 1086 659 1127 Ubi
689 1099 782 1126 cum
814 1084 978 1126 codices
1001 1088 1159 1125 certam
1190 1085 1498 1138 probabilemve
1522 1086 1743 1129 lectionem

255 1174 339 1200 non
370 1157 611 1212 praebeant,
643 1154 745 1194 haec
771 1153 1021 1193 Mommseni
1052 1153 1289 1193 coniectura
1319 1154 1532 1208 aptissima
1567 1155 1741 1198 videtur.

254 1228 316 1270 Eo
357 1227 489 1278 enim,
535 1222 646 1279 quod
687 1221 925 1263 Boeckhius
971 1221 1133 1275 scripsit
1174 1219 1304 1274 πατήρ
1347 1220 1524 1273 Κρόνος,
1568 1223 1742 1265 molesta

254 1296 429 1338 efficitur
458 1292 650 1348 repetitio
684 1290 868 1331 eiusdem
901 1289 1100 1340 nominis,
1146 1288 1257 1344 quod
1290 1290 1331 1330 in
1364 1304 1399 1330 V.
1434 1292 1485 1331 70
1516 1291 1741 1346 praecedit,

256 1369 296 1407 et
334 1376 605 1419 quamquam,
628 1361 671 1401 'si
702 1359 955 1400 Mommseni
986 1359 1265 1399 coniecturam
1306 1360 1550 1413 recipimus,
1592 1375 1740 1402 nomen

258 1433 354 1483 Διός
383 1432 424 1473 in
455 1431 587 1472 isdem
619 1429 697 1470 illis
721 1427 910 1470 versibus
941 1428 1161 1482 repetitur,
1193 1432 1335 1469 tamen
1357 1441 1452 1469 cum
1476 1429 1555 1470 hoc
1578 1430 1740 1485 saepius

254 1502 435 1543 Pindaro
467 1499 677 1554 placuisse
707 1509 832 1550 supra
862 1496 1139 1548 docuerimus,
1170 1495 1274 1536 haec
1293 1495 1416 1537 lectio
1438 1498 1593 1538 nullam
1617 1498 1742 1540 habet

256 1569 558 1611 difficultatem.
620 1565 744 1607 Certo
785 1570 927 1606 autem
970 1565 1010 1605 in
1052 1565 1243 1619 proximo
1283 1578 1405 1606 versu
1451 1572 1578 1621 poeta
1618 1567 1742 1610 Croni

257 1652 406 1679 nomen
448 1651 522 1691 per
561 1635 758 1688 ambages
798 1633 1000 1686 reddidit,
1043 1646 1136 1673 cum
1178 1633 1247 1673 ille
1286 1632 1396 1682 πόσις
1427 1633 1447 1674 ὁ
1477 1633 1583 1684 Ῥέας
1615 1637 1743 1677 nomi-

180 1757 183 1760 ,
253 1712 373 1749 natus
405 1705 467 1747 sit.

390 1775 519 1815 Porro
549 1772 590 1812 in
623 1771 804 1812 carmine
828 1769 1047 1825 Olympico
1079 1770 1267 1824 septimo,
1299 1785 1373 1825 per
1396 1773 1503 1826 quod
1526 1772 1567 1812 in
1588 1772 1740 1814 Rhodo

259 1843 424 1885 victoris
467 1842 601 1896 patria
641 1838 892 1881 celebranda
935 1837 1095 1880 SOLIS
1139 1853 1305 1894 quoque
1350 1853 1445 1880 cum
1487 1839 1564 1881 hac
1606 1841 1743 1883 insula

255 1918 342 1955 arte
383 1911 593 1952 coniuncti
631 1910 721 1950 laus
766 1908 1043 1961 praedicatur,
1084 1908 1125 1947 in
1165 1921 1201 1948 V.
1237 1910 1287 1948 14
1327 1909 1496 1962 quidem
1535 1909 1741 1951 Pindarus

255 1983 363 2024 hunc
404 1981 530 2022 deum
569 1978 734 2021 nomine
774 1977 922 2032 propio
966 1975 1128 2017 Ἀελίοιο
1160 1976 1400 2032 appellavit,
1441 1977 1514 2019 sed
1546 1978 1585 2019 in
1619 1992 1655 2020 v,
1689 1981 1741 2020 39

256 2050 439 2092 eiusdem
470 2061 622 2089 nomen
663 2048 722 2087 ita
764 2046 925 2086 variare
969 2045 1137 2097 maluit,
1179 2051 1225 2085 ut
1269 2048 1517 2100 cognomine
1557 2061 1580 2086 a
1625 2052 1743 2102 patre

256 2119 500 2176 Hyperione
541 2116 689 2157 Titane
730 2116 888 2169 petito,
934 2114 1047 2169 quod
1089 2114 1302 2155 Homerus
1336 2107 1664 2170 ‚praeoccupavit
1701 2116 1742 2157 in

257 2189 445 2243 Odyssea
474 2184 564 2226 XII
600 2185 676 2225 176
708 2181 780 2237 (cf.
810 2183 828 2222 I
860 2181 920 2236 8),
966 2183 1263 2236 φαυσίμβροτος
1293 2183 1451 2234 δαίμων
1484 2183 1745 2234 ’Υπιιριονίδας

257 2258 475 2298 diceretur.
527 2251 690 2293 Deinde
720 2256 943 2305 postquam
974 2251 1014 2291 in
1044 2266 1083 2292 v.
1110 2252 1163 2292 58
1194 2264 1270 2291 suo
1302 2250 1390 2291 iure
1419 2251 1470 2292 ad
1502 2252 1744 2307 appellatio-

258 2338 352 2368 nem
384 2321 536 2362 Ἀελίου
567 2321 740 2360 recurrit
771 2326 916 2374 poeta‚
949 2320 988 2360 in
1021 2334 1061 2361 v,
1085 2321 1138 2360 60
1169 2319 1308 2360 Solem
1341 2321 1597 2374 nuncupavit
1625 2319 1744 2373 ἁγνόν

256 2391 368 2434 θεόν.
438 2388 528 2430 Nec
566 2389 702 2428 minus
743 2388 785 2428 in
825 2402 864 2429 v.
908 2389 1069 2429 70-71
1113 2385 1242 2435 ὀξειᾶν
1280 2385 1299 2427 ὁ
1333 2386 1534 2439 γενέθλιος
1575 2387 1744 2429 ἀκτίνων

258 2458 404 2515 πατήρ,
435 2460 513 2509 πῦρ
542 2454 739 2497 πνεόντων
769 2454 891 2510 άρχός
917 2456 1053 2496 ἵππων
1084 2456 1154 2497 Sol
1185 2455 1492 2509 intellegendus
1524 2461 1599 2498 est.
1651 2457 1744 2505 Qua

259 2529 468 2571 locutione
511 2540 634 2581 quam
676 2527 889 2580 eleganter
931 2525 1183 2581 significatur
1222 2525 1433 2568 radiorum
1471 2532 1512 2567 et
1550 2526 1652 2568 lucis
1691 2526 1744 2568 ab

257 2611 382 2640 aureo
415 2596 524 2637 Solis
555 2609 677 2636 curru
711 2595 849 2650 origo!

393 2664 530 2713 Quid?
552 2664 591 2704 in
612 2664 793 2705 carmine
808 2663 1021 2706 Nemeaeo
1041 2664 1216 2717 decimo,
1233 2663 1304 2704 ubi
1318 2662 1747 2705 DIOSCURORUM

262 2740 358 2790 post
387 2733 640 2788 praeclaram
672 2745 762 2772 cum
794 2732 982 2786 Apharei
1012 2732 1104 2773 filiis
1146 2745 1332 2786 pugnam
1369 2733 1608 2787 apotheosis
1641 2733 1747 2774 cele-

259 2804 414 2853 bratur,
444 2814 582 2842 nonne
616 2799 967 2841 nobilissimorum
998 2800 1165 2840 illorum
1200 2799 1373 2841 fratrum
1405 2800 1572 2841 nomina
1603 2800 1746 2841 soller-

261 2870 416 2912 tissime
439 2869 597 2910 variata
620 2868 748 2908 sunt‘?
793 2868 902 2910 Nam
923 2869 1043 2910 initio
1064 2868 1176 2909 facto
1197 2869 1238 2909 in
1261 2883 1300 2910 v.
1320 2870 1372 2909 38
1393 2868 1445 2909 ab
1467 2868 1746 2923 appellatione

265 2937 518 2991 Τυνδαρίδαι,
539 2949 622 2992 qua
643 2940 772 2991 poeta
795 2936 1094 2978 Dioscurorum
1116 2950 1140 2977 a
1162 2935 1384 2992 Tyndareo
1405 2939 1555 2987 ortum,
1575 2940 1749 2992 propter
