2139 3299
372 252 421 294 1ss
1057 252 1176 309 [254]

367 381 578 423 Pindarus
608 381 804 422 laudibus
837 380 979 432 effert,
1011 394 1104 421 cum
1134 380 1312 422 insulam
1342 382 1530 424 nominat
1560 381 1670 424 τάνδ’
1689 383 1865 437 ἁλιερκέα

366 449 508 504 χώραν
531 483 539 491 .
564 483 572 491 .
596 482 604 490 .
628 484 636 491 .
670 451 822 502 Δωριεῖ
856 452 943 505 λαῷ
983 448 1271 500 ταμιευομέναν
1309 451 1352 497 ἐξ
1392 451 1552 492 Αἰακοῦ
1592 453 1719 502 (hanc
1759 455 1864 495 mari

366 520 572 561 munitam
613 523 764 559 terram
804 530 829 558 a
864 516 1062 558 Doriensi
1103 517 1261 573 populo
1301 518 1629 562 administratam
1670 521 1768 565 inde
1809 536 1861 564 ex

367 588 545 642 Aeaco).
597 586 758 641 Nempe
787 585 878 641 ipse
908 586 1099 639 Aeacus,
1132 585 1321 640 Aeginae
1350 586 1494 639 heros,
1525 589 1707 632 iustitiae
1736 590 1861 638 laude

367 663 455 700 tam
485 657 622 698 clarus
652 655 732 696 fuit
761 654 872 709 apud
907 668 1050 696 omnes
1073 654 1274 707 Graecos,
1307 660 1352 695 ut
1376 655 1417 696 in
1440 670 1613 698 numero
1636 658 1861 701 inferorum

366 726 550 767 iudicum
583 725 870 766 collocaretur.
930 721 1020 770 Nec
1062 724 1199 765 minus
1238 724 1280 764 in
1311 737 1349 766 V.
1382 727 1429 767 51
1468 725 1656 780 Aeginae
1694 741 1862 782 nomen,

369 807 621 850 quamquam
665 793 800 833 minus
843 791 1120 844 sollemniter,
1166 806 1242 847 per
1285 793 1484 847 ambages
1526 793 1734 837 redditum
1779 802 1861 851 est3

367 877 465 904 nam
504 861 744 902 adverbium
787 861 903 913 δεῦρο
941 860 1007 901 hic
1047 860 1100 901 de
1141 875 1189 902 eo
1231 861 1323 902 loco
1366 861 1521 903 dictum
1562 868 1645 917 est,
1688 865 1740 906 de
1780 873 1881 920 quo‘

367 944 505 972 sermo
528 929 588 981 fit,
618 929 644 972 i.
669 943 704 971 e.
728 928 781 971 de
803 928 984 983 Aegina,
1012 942 1136 984 quam
1158 928 1211 970 ad
1233 929 1410 972 insulam
1432 929 1653 986 Neptunus
1674 933 1861 975 Aeacum

366 1000 492 1041 Troia
533 1012 612 1054 ope
651 999 741 1039 eius
781 997 949 1039 condita
989 1012 1118 1039 aureo
1164 1012 1285 1039 curru
1328 998 1515 1040 adduxit.
1575 1000 1659 1042 Sed
1702 1002 1861 1044 etiamsi

367 1070 458 1123 quis
488 1071 615 1122 neget
644 1066 820 1121 simplici
851 1066 930 1107 hoc
962 1066 1161 1107 adverbio
1193 1066 1425 1108 Pindarum
1463 1067 1557 1109 ideo
1598 1083 1717 1110 usum
1758 1084 1862 1121 esse,

365 1136 461 1191 quia
491 1149 646 1177 nomen
667 1135 860 1189 Aeginae
891 1138 1085 1188 repetere
1116 1135 1308 1188 noluerit,
1342 1159 1393 1164 —
1426 1136 1524 1176 mihi
1545 1137 1712 1191 quidem
1743 1141 1861 1190 ὸιῦρο

365 1205 466 1246 illud
500 1204 706 1246 audacule
738 1203 895 1244 dictum
925 1203 1117 1255 videtur,
1162 1218 1255 1245 cum
1296 1203 1402 1246 haec
1433 1205 1515 1246 oda
1546 1219 1627 1247 non
1661 1207 1860 1261 Aeginae,

367 1273 439 1314 sed
476 1271 696 1328 Olympiae
738 1276 903 1313 cantata
943 1272 1016 1325 sit,
1058 1277 1104 1312 ut
1134 1272 1374 1314 Boeckhius
1408 1274 1588 1316 ostendit
1630 1300 1683 1305 —-
1722 1279 1860 1316 tamen

367 1343 407 1383 in
430 1342 575 1384 ultimo
596 1341 792 1382 carminis
814 1354 936 1383 versu
960 1344 1084 1395 pocta
1100 1341 1292 1395 Aeginae
1312 1355 1463 1383 nomen
1485 1343 1658 1384 artificio
1681 1344 1860 1399 quodam

365 1409 548 1451 reddidit
578 1410 745 1461 Iovem,
783 1414 831 1450 ut
872 1409 1076 1450 victorem
1120 1414 1159 1450 et
1191 1408 1303 1450 πόλιν
1343 1409 1541 1464 (patriam
1574 1411 1660 1452 eius
1692 1413 1859 1463 urbem)

367 1477 658 1519 benevolentia
687 1477 1026 1532 amplecteretur,
1058 1477 1299 1532 implorans.

503 1545 636 1586 Simili
685 1545 812 1587 modo
865 1558 916 1586 ne
966 1546 1018 1585 ad
1069 1547 1249 1599 priorem
1296 1547 1486 1600 Aeginae
1533 1548 1858 1601 appellationem

368 1617 663 1666 reverteretur,
694 1613 903 1654 Pindarus
933 1613 974 1654 in
1002 1614 1184 1656 carmine
1205 1614 1384 1668 Pythico
1418 1619 1567 1655 octavo
1595 1616 1755 1668 vitavit,
1787 1617 1857 1657 ubi

365 1683 542 1736 legimus
589 1682 631 1722 in
676 1695 713 1723 v.
761 1683 815 1722 22
861 1686 902 1722 et
948 1695 1060 1736 seqq.
1106 1681 1131 1722 ἁ
1177 1681 1410 1731 δικαιόπολις
1454 1681 1614 1734 ἀρεταῖς
1658 1688 1860 1725 κλειναῖσιν

367 1751 566 1791 Αἰακιδᾶν
587 1749 751 1802 θίγοισα
776 1753 893 1799 νᾶσος
924 1749 1057 1803 (iusta
1089 1750 1269 1798 civitate⁴
1289 1751 1460 1805 insignis
1483 1751 1660 1792 virtutes
1682 1752 1857 1794 inclutas

364 1819 646 1861 Aeacidarum
670 1823 791 1859 nacta
812 1818 982 1870 insula),
1011 1819 1053 1859 in
1084 1832 1122 1860 v.
1147 1820 1199 1860 38
1231 1818 1387 1871 πάτραν
1410 1820 1649 1869 Μιδυλιδᾶν,
1681 1834 1858 1875 quorum

365 1902 419 1929 ex
451 1893 577 1942 gente
609 1887 743 1928 victor
783 1892 898 1940 erat,
938 1886 979 1927 in
1011 1900 1047 1928 v,
1080 1888 1131 1928 65
1165 1886 1259 1928 οἴκοι
1293 1888 1319 1929 i.
1352 1902 1387 1929 e.
1427 1887 1468 1929 in
1509 1888 1674 1929 victoris
1714 1890 1859 1944 patria,

366 1956 437 1997 ubi
468 1957 551 1996 iam
593 1962 721 1998 antea
762 1956 802 1996 in
845 1955 1084 1997 domesticis
1126 1955 1422 1997 certaminibus
1463 1956 1639 2010 gloriam
1681 1957 1860 2012 adeptus

368 2028 469 2075 erat,
502 2025 543 2064 in
574 2037 611 2066 V.
644 2026 696 2064 98
732 2023 879 2076 Αἴγινα
910 2023 1006 2077 φίλα
1035 2024 1175 2076 μᾶτερ.

417 2092 419 2095 ’
502 2091 637 2133 Maior
668 2096 807 2133 autem
838 2105 1036 2149 numerus
1068 2092 1277 2134 variarum
1309 2092 1498 2147 Aeginae
1529 2093 1859 2148 appellationum

365 2161 404 2201 in
448 2160 697 2201 carminibus
735 2159 960 2201 Nemeaeis
1000 2159 1121 2201 inest.
1183 2160 1370 2208 Quorum
1413 2161 1453 2201 in
1496 2162 1638 2216 quinto
1679 2162 1860 2213 carmine

365 2233 589 2283 postquam
620 2229 662 2269 in
694 2242 730 2269 V.
763 2231 787 2269 3
820 2228 956 2269 insula
989 2243 1063 2270 suo
1095 2228 1260 2269 nomine
1293 2229 1530 2270 introducta
1567 2235 1653 2283 est,
1693 2231 1733 2269 in
1764 2243 1801 2271 V.
1834 2233 1857 2271 8

366 2302 497 2352 poeta
535 2297 736 2338 victorem
776 2296 944 2348 laudat,
985 2295 1098 2351 quod
1128 2296 1264 2350 gloria
1301 2296 1562 2339 decoraverit
1599 2296 1858 2350 ματρόπολιν,

364 2370 490 2419 φίλαν
534 2364 658 2413 ξένων
701 2363 877 2416 ἄρουραν
922 2365 1119 2416 (matrem
1166 2365 1336 2418 urbem,
1392 2369 1603 2406 amantem
1647 2365 1858 2420 hospitum

364 2435 553 2485 terram).
599 2431 709 2473 Nam
741 2432 1028 2486 hospitalitate
1060 2446 1229 2488 quoque
1252 2432 1487 2488 Aeginetae
1510 2437 1677 2486 praeter
1697 2437 1858 2475 ceteros

367 2501 552 2542 Graecos
578 2500 856 2552 excellebant,
880 2504 921 2540 et
942 2500 1042 2540 illud
1060 2501 1324 2554 potissimum
1341 2502 1448 2541 inter
1465 2501 1673 2541 Aeacidas
1691 2506 1732 2541 et
1752 2501 1858 2542 Her-

364 2569 496 2611 culem
520 2569 710 2609 iunctum
732 2567 972 2623 hospitium,
996 2568 1102 2623 quod
1122 2569 1212 2623 ipse
1228 2567 1436 2610 Pindarus
1454 2568 1620 2624 saepius
1637 2569 1861 2611 celebravit

365 2636 438 2689 (cf.
469 2635 593 2678 Nem.
615 2636 702 2678 VII
729 2637 782 2676 86
815 2641 857 2677 et
887 2636 1037 2678 Isthm.
1060 2636 1099 2677 V
1123 2635 1212 2690 35),
1245 2637 1517 2677 clarissimum
1549 2641 1648 2677 erat.
1696 2636 1859 2679 Deinde

361 2705 403 2745 in
435 2720 474 2746 v.
504 2706 555 2746 15
587 2705 808 2757 Pindarus,
841 2718 933 2746 cum
956 2704 1197 2746 Telamonis
1230 2708 1270 2745 et
1291 2704 1410 2746 Pelei
1441 2704 1576 2745 scelus
1599 2704 1787 2758 Aeginae
1816 2705 1859 2746 in

361 2773 497 2813 insula
528 2778 675 2814 contra
698 2772 868 2814 fratrem
891 2773 1082 2814 Phocum
1107 2773 1368 2814 commissum
1391 2772 1461 2825 (cf.
1485 2772 1679 2827 Apollod.
1703 2773 1771 2814 III
1796 2775 1858 2825 12,

363 2841 402 2894 6,
438 2841 508 2891 11)
539 2841 687 2882 leviter
708 2841 901 2895 attingat,
923 2839 1062 2882 εὐκλέα
1084 2844 1205 2882 νᾶσον
1230 2840 1309 2882 illis
1339 2850 1434 2896 post
1457 2840 1536 2881 hoc
1555 2839 1716 2882 facinus
1737 2841 1859 2882 relin-

363 2908 573 2965 quendam
603 2907 731 2950 fuisse
763 2912 904 2950 narrat
935 2913 975 2950 et
1006 2909 1047 2950 in
1084 2908 1275 2964 proximo
1321 2922 1442 2950 versu
1484 2908 1618 2949 vereri
1658 2921 1703 2950 se
1741 2908 1859 2964 fingit
