2139 3299
354 257 408 298 48
1043 254 1159 313 [286]

490 383 551 426 Ut
582 384 649 426 hic
677 384 794 438 tibia,
827 399 908 440 qua
939 385 1115 426 victoria
1147 384 1396 427 celebranda
1425 390 1547 440 parta
1577 390 1678 439 erat,
1715 382 1773 426 ita
1802 382 1843 425 in

309 490 311 492 ,
355 453 537 495 carmine
579 452 761 509 Pythico
803 453 948 509 quinto
994 466 1209 506 currus,
1255 467 1337 508 quo
1379 453 1619 496 Arcesilaus
1661 453 1844 509 Cyrenes

353 535 431 563 rex
475 522 656 575 vicerat,
709 522 832 563 variis
877 521 1110 562 illustratur
1153 521 1390 563 luminibus.
1471 521 1581 563 Nam
1623 522 1667 563 in
1711 535 1747 563 v.
1787 522 1841 562 32

358 589 593 632 Carrhotus
624 590 769 645 auriga
797 588 1006 643 laudatur,
1037 579 1149 644 quod
1181 588 1328 630 ἐντέων
1349 587 1495 640 σθένος
1522 590 1688 632 minime
1709 589 1846 644 fregit,

354 659 427 700 ubi
456 657 602 700 ἐντέων
632 671 715 699 non
755 657 806 699 de
846 657 996 710 frenis,
1039 670 1217 712 quorum
1258 657 1476 712 integritas
1518 659 1600 699 iam
1640 659 1682 700 in
1721 672 1757 699 V.
1790 659 1844 700 30

354 731 587 769 memorata
625 731 708 777 est,
752 725 825 767 sed
869 725 921 767 de
962 739 1085 767 curru
1123 726 1213 780 ipso
1248 725 1402 767 dictum
1433 730 1509 768 est.
1568 726 1709 781 Atque
1746 727 1845 768 alibi

358 807 524 851 quoque
569 808 732 836 currum
781 791 895 834 ἔντεα
937 806 962 833 a
1002 792 1185 836 Pindaro
1229 795 1488 849 appellatum
1532 808 1624 836 esse
1668 799 1844 837 testatur

357 864 488 906 schol.
530 862 580 905 Il.
619 860 772 903 XXIV
802 863 905 903 277:
945 863 1012 902 καὶ
1042 863 1246 915 Πίνδαρος
1275 864 1326 903 τὰ
1356 861 1516 916 ἅρματα
1555 862 1684 909 ἔντεοί,
1709 876 1841 918 φησιν·

363 931 554 985 ῃὶππείοις
584 930 712 972 ἔντεσι
740 930 1011 982 ,ιιεταῖσσων“,
1047 943 1155 984 quae
1194 930 1324 972 verba
1353 945 1407 972 ex
1439 931 1656 986 deperdito
1702 933 1842 987 aliquo

355 1000 536 1041 carmine
578 999 749 1040 fluxisse
794 998 1139 1040 verisimillimum
1180 1004 1256 1041 est.
1324 999 1414 1040 Iam
1455 1000 1498 1040 in
1540 1015 1581 1042 v.
1621 1002 1674 1041 34
1716 1006 1844 1055 poeta

355 1081 522 1109 currum
562 1072 658 1121 post
696 1067 913 1107 victoriam
944 1066 1132 1120 Apollini
1171 1081 1419 1121 suspensum
1448 1067 1642 1108 τεκτόνων
1672 1068 1844 1108 δαίδαλα

354 1136 535 1190 vocavit,
567 1135 717 1190 quibus
739 1134 877 1176 verbis
908 1134 1089 1189 pretium
1122 1134 1210 1176 eius
1237 1138 1279 1176 et
1299 1137 1554 1190 praestantia
1574 1136 1843 1189 illustrantur,

355 1219 450 1246 cum
477 1204 724 1259 praesertim
747 1203 1071 1258 Cyrenaicorum
1096 1217 1291 1244 curruum
1311 1217 1539 1258 permagna
1557 1204 1682 1246 fuerit
1703 1205 1843 1246 existi-

355 1274 498 1315 matio.
573 1273 623 1314 In
668 1286 706 1314 v.
753 1273 806 1313 48
853 1276 991 1313 autem
1038 1271 1175 1313 denuo
1223 1271 1417 1314 Carrhoti
1464 1273 1555 1314 laus
1599 1273 1843 1327 celebratur,

357 1342 469 1398 quod
501 1341 778 1397 quadraginta
807 1340 963 1395 aurigis
994 1340 1201 1395 superatis
1232 1340 1378 1395 δίφρον
1406 1341 1615 1396 integrum
1645 1344 1841 1386 servavit.

494 1409 693 1452 Similiter
751 1409 1039 1450 victoriam
1105 1410 1238 1463 ipsam
1307 1409 1596 1451 celebrandam
1653 1411 1842 1453 carminis

357 1479 565 1535 Olympici
614 1478 750 1521 octavi
799 1479 839 1518 in
890 1490 926 1517 ν.
976 1479 1028 1519 57
1078 1481 1204 1532 poeta
1252 1476 1406 1518 ταύταν
1449 1476 1567 1531 χάριν
1615 1478 1741 1534 dixit,
1801 1482 1841 1521 in

357 1564 397 1591 v.
421 1550 474 1589 66
496 1546 833 1589 Alcimedontem
855 1545 1055 1587 victorem
1086 1545 1309 1600 praedicat,
1339 1546 1449 1600 quod
1479 1546 1589 1587 νίκαν
1608 1548 1845 1600 τριακοστάν

355 1617 461 1659 inter
492 1614 691 1658 Melesiae
723 1614 877 1670 aliptae
908 1613 1128 1669 discipulos
1159 1619 1406 1655 consecutus
1438 1613 1548 1656 hunc
1583 1616 1716 1670 gloria
1747 1617 1843 1659 affe-

357 1687 471 1728 cerit.
546 1684 734 1738 Cumque
779 1683 907 1725 victor
952 1684 1072 1724 sertis
1120 1684 1354 1736 cingeretur
1397 1687 1609 1737 tamquam
1657 1687 1842 1739 praemio

358 1754 578 1805 victoriae,
618 1753 660 1793 in
702 1765 738 1793 v,
772 1753 823 1792 76
862 1752 917 1803 is,
957 1753 1025 1806 qui
1065 1757 1229 1792 sextam
1269 1752 1349 1792 iam
1391 1753 1621 1806 reportavit
1657 1754 1847 1809 gloriam,

356 1826 534 1865 vocatur
567 1821 705 1873 „cuius
736 1819 915 1860 crinibus
946 1820 1055 1869 ἕκτος
1085 1818 1278 1874 στέφανος
1314 1820 1577 1862 circumiacet
1606 1820 1843 1864 frondiferis

356 1891 408 1932 de
431 1888 768 1932 certaminibus“.
816 1887 905 1929 Nec
925 1888 1153 1929 minoribus
1173 1902 1273 1929 usus
1295 1888 1540 1943 ambagibus
1560 1889 1600 1929 in
1622 1903 1660 1931 v.
1678 1891 1843 1932 82—83

357 1960 572 2003 victoriam
595 1958 818 2014 Olympiae
848 1960 1107 2012 reportatam
1138 1956 1302 2010 λιπαρὸν
1321 1956 1471 2009 κόσμον
1486 1956 1685 2015 Ὀλυμπίᾳ
1706 1959 1846 2014 appel-

354 2029 456 2070 lavit
484 2027 707 2069 Pindarus.

493 2096 601 2138 Item
634 2108 976 2147 coronarum,
1017 2108 1125 2148 quae
1157 2094 1352 2136 victoriae
1382 2095 1502 2148 signa
1531 2098 1668 2146 erant,
1708 2095 1846 2138 variae

358 2165 662 2221 appellationes
678 2163 861 2205 Pindaro
883 2164 1143 2219 placuerunt.
1189 2162 1353 2205 Etenim
1370 2163 1411 2205 in
1428 2163 1608 2205 carmine
1626 2163 1845 2219 Olympico

356 2234 481 2275 tertio
513 2237 734 2287 postquam
765 2233 805 2272 in
837 2247 875 2272 v.
899 2233 924 2272 6
954 2231 1141 2286 στέφανοι
1171 2232 1249 2286 ipsi
1279 2232 1495 2272 memorati
1529 2237 1639 2284 sunt,
1669 2233 1711 2272 in
1731 2245 1769 2273 V.
1794 2233 1845 2273 13

358 2300 656 2352 Hellanodica,
702 2299 770 2355 qui
801 2300 1000 2341 victorem
1031 2300 1282 2352 coronabat,
1315 2299 1463 2341 dicitur
1495 2300 1649 2352 „comis
1680 2299 1846 2353 γλαυκό-

354 2386 458 2424 χροα
489 2368 640 2421 κόσμον
671 2369 803 2417 ἐλαίας
844 2366 1054 2421 cingens“.
1115 2367 1165 2408 In
1196 2381 1232 2407 v.
1265 2369 1316 2408 18
1355 2371 1497 2409 autem
1534 2372 1660 2422 poeta
1699 2382 1792 2410 cum
1822 2383 1847 2409 a

357 2453 467 2481 novo
491 2442 718 2495 systemate
739 2437 956 2492 inceperit,
979 2437 1028 2478 ad
1052 2436 1378 2492 appellationem
1400 2434 1594 2491 στέφανος
1615 2437 1844 2480 revertitur.

357 2509 587 2550 Praeterea
616 2507 658 2547 in
692 2507 874 2547 carmine
906 2504 1122 2547 Nemeaeo
1164 2509 1310 2560 quarto
1350 2506 1503 2558 victor,
1546 2505 1617 2559 qui
1655 2506 1695 2546 in
1724 2518 1762 2547 v.
1797 2507 1846 2547 17

362 2577 595 2631 „Cleonaeo
627 2591 683 2617 ex
712 2575 936 2616 certamine
968 2571 1092 2628 ὅρμον
1116 2573 1327 2628 στεφάνων
1349 2573 1582 2616 deducens“
1616 2572 1747 2616 dictus
1768 2579 1846 2628 est,

355 2646 397 2687 in
438 2658 476 2687 ν.
509 2646 557 2685 21
601 2643 818 2695 laudatur,
865 2643 976 2697 quod
1017 2642 1209 2683 Thebani
1255 2655 1418 2697 quoque
1461 2655 1544 2682 non
1588 2641 1707 2683 inviti
1750 2655 1846 2684 eum

357 2711 501 2754 ἄνθεσι
534 2714 852 2754 coronaverunt.
912 2709 1079 2753 Deinde
1108 2710 1150 2750 in
1179 2725 1220 2752 v.
1255 2712 1304 2751 77
1343 2709 1510 2765 quidem
1548 2709 1720 2751 verbum
1758 2708 1847 2751 στέ-

357 2798 482 2836 φανος
530 2781 757 2836 repetitur,
816 2779 889 2820 sed
948 2780 990 2820 in
1051 2794 1091 2822 v.
1142 2781 1195 2820 88
1254 2780 1313 2820 ita
1373 2778 1741 2832 circumscribitur,
1799 2783 1847 2819 ut

358 2863 539 2893 coronae
569 2848 776 2892 Isthmicis
815 2848 857 2890 in
897 2847 1192 2891 certaminibus
1228 2851 1426 2903 acceptae
1465 2846 1671 2900 Κορίνθια
1711 2844 1847 2888 σέλινα

358 2924 581 2972 vocentur,
623 2932 716 2960 cum
747 2917 1005 2959 Nemeorum
1044 2921 1085 2958 et
1115 2916 1387 2958 Isthmiorum
1426 2928 1606 2958 coronae
1647 2929 1701 2956 ex
1735 2915 1846 2971 apio,
