2139 3299
893 235 1014 296 [285]
1645 246 1696 288 47

213 370 303 429 ipse
332 367 406 412 filii
435 365 605 411 laudem
636 364 830 410 celebret.
876 368 1067 424 Namque
1092 382 1169 424 pro
1190 368 1316 421 ὕμνον
1335 370 1377 411 in
1399 385 1437 411 v.
1463 373 1526 425 16,
1557 385 1699 427 quam-

213 455 341 498 quam
371 452 514 481 omnes
545 438 709 479 codices
739 438 846 479 hanc
876 438 1078 493 praebent
1108 438 1355 492 lectionem,
1386 453 1481 481 cum
1513 441 1696 496 Bergkio

213 508 302 551 υἱόν
331 507 638 551 emendandum
670 520 761 549 esse
792 520 953 558 censeo,
983 521 1079 549 cum
1102 507 1294 563 repetitio
1315 507 1430 549 verbi
1448 507 1572 561 ὕμνος
1591 510 1699 551 intra.

214 591 339 621 unam
371 577 630 632 eandemque
660 576 876 632 stropham
904 576 957 618 ab
997 577 1324 633 appellationum
1356 578 1556 620 varietate
1585 578 1698 634 alibi,

213 647 284 688 ubi
314 646 366 688 de
395 646 485 701 ipso
507 645 685 687 carmine
706 645 856 699 agitur,
887 646 1074 700 appetita
1098 646 1336 688 abhorreat.
1374 646 1563 700 Accedit,
1585 647 1698 703 quod

215 729 300 757 non
331 728 542 770 assequor,
584 713 682 770 quid
711 712 813 755 illud
856 713 931 755 sibi
970 713 1071 756 velit
1113 714 1234 768 „huic
1275 715 1443 756 carmini
1480 715 1699 762 inclinatus

214 798 380 826 carmen
421 783 637 827 victoriale
680 783 899 837 cantare“;
944 796 1094 839 nempe
1137 785 1274 838 ipsum
1314 783 1434 836 μέλος
1475 788 1539 827 est
1577 784 1700 838 ὕμνος

214 853 444 903 καλλίνικος.
503 853 738 901 Καλλίνικος
778 856 918 893 autem
959 851 1107 893 dicitur
1146 866 1231 894 non
1273 853 1407 894 minus
1452 858 1548 908 apte
1590 854 1698 896 filius

213 937 338 979 quam
368 923 565 978 hymnus,
598 936 692 964 cum
721 921 846 976 Pyth.
877 921 899 962 I
930 923 983 962 32
1014 922 1180 976 legatur
1208 920 1382 973 Ἱέρωνος
1411 923 1626 965 καλλινίκου
1658 928 1698 966 et

211 991 337 1047 Pyth.
367 991 434 1032 XI
463 993 517 1032 46
548 992 591 1032 ἐν
619 989 769 1043 ἅρμασι
801 989 1009 1030 καλλίνικοι
1038 990 1064 1031 i.
1097 1004 1132 1032 e.
1173 990 1378 1045 praeclari
1416 991 1523 1032 inter
1553 1005 1697 1033 currus

212 1059 402 1101 victores.
461 1058 512 1100 In
541 1058 622 1100 fine
656 1056 778 1098 huius
810 1056 915 1098 odae
946 1056 1113 1099 easdem
1153 1058 1346 1099 carminis
1382 1059 1697 1114 appellationes,

213 1141 316 1182 quas
347 1128 390 1168 in
419 1127 551 1179 initio,
583 1124 954 1180 deprehendimus:
985 1124 1094 1166 conf.
1120 1140 1159 1166 v.
1183 1127 1235 1166 78
1267 1127 1504 1168 ἐπινικίοισιν
1534 1126 1697 1177 ἀοιδαῖς,

213 1209 251 1237 V.
283 1196 334 1237 83
366 1193 502 1248 ὕμνος,
534 1207 570 1237 v.
603 1195 656 1235 94
686 1191 862 1249 ῥήματα.

348 1262 492 1304 Multis
523 1261 689 1317 quidem
716 1264 881 1316 praeter
903 1260 1006 1302 haec
1027 1261 1232 1316 exemplis
1253 1260 1528 1304 demonstrari
1547 1266 1698 1319 potest,

215 1346 339 1389 quam
360 1331 580 1387 diligenter
601 1334 724 1385 poeta
741 1330 900 1370 nomini
916 1329 1108 1370 carminis
1124 1329 1323 1370 variando
1342 1343 1509 1385 operam
1527 1332 1698 1385 dederit,

213 1402 285 1442 sed
307 1402 407 1442 satis
430 1401 520 1452 erit,
543 1400 577 1441 si
597 1399 900 1453 appellationes
921 1398 1061 1453 paullo
1082 1399 1218 1439 minus
1237 1399 1411 1441 usitatas
1426 1400 1698 1454 proferemus.

214 1469 280 1510 Ita
310 1467 431 1510 Nem.
452 1467 540 1509 VII
571 1468 736 1508 11-12
768 1465 975 1507 Pindarus
1010 1466 1068 1519 „si
1095 1466 1226 1521 quis“‚
1256 1466 1404 1520 inquit,
1438 1482 1698 1521 „successum

212 1537 340 1578 habet
373 1537 415 1577 in
442 1536 565 1577 rebus
595 1535 802 1590 gerendis,
832 1534 952 1576 dulce
982 1535 1016 1575 is
1045 1535 1221 1588 praebet
1251 1541 1542 1590 argumentum
1572 1537 1699 1590 ῥοαῖσι

214 1604 421 1656 Μοισᾶν“,
466 1605 537 1647 ubi
586 1605 744 1646 fluenta
780 1603 996 1646 Musarum
1046 1604 1229 1646 carmina
1266 1605 1548 1661 intellegenda
1587 1610 1698 1649 sunt.

213 1675 360 1715 Isthm.
390 1673 455 1715 VI
486 1676 538 1715 23
570 1678 728 1728 autem,
758 1674 831 1715 ubi
861 1673 992 1714 victor
1022 1672 1235 1714 ἰοπλόκοισι
1265 1675 1442 1724 Μοίσαις
1471 1675 1696 1716 illustratus

214 1742 375 1794 dicitur,
405 1743 552 1785 Musae
583 1743 699 1798 ipsae
728 1756 804 1797 pro
847 1741 1028 1783 carmine
1067 1755 1147 1797 ope
1190 1755 1328 1784 earum
1371 1743 1558 1785 confecto
1599 1745 1695 1785 sub-

219 1812 371 1854 situtae
400 1815 509 1854 sunt.
568 1811 783 1853 Audacius
819 1810 945 1852 etiam
975 1809 1095 1852 Nem.
1125 1809 1239 1852 VIII
1267 1811 1320 1852 47
1352 1811 1469 1852 λίθον
1498 1814 1700 1854 Μοισαῖον

216 1895 261 1924 se
291 1882 435 1925 victori
466 1881 707 1924 substruere
738 1885 865 1936 poeta
895 1879 1108 1936 praedicat
1138 1884 1378 1934 comparato
1400 1882 1580 1923 carmine
1602 1895 1695 1923 cum

214 1952 422 2003 columna,
453 1950 598 2004 quales
628 1950 670 1990 in
701 1948 906 1989 victorum
935 1948 1139 1989 honorem
1169 1947 1448 2002 erigebantur.

346 2019 437 2060 Iam
458 2023 505 2060 ut
525 2017 578 2059 ad
602 2017 790 2070 tibiae,
822 2017 938 2057 cuius
960 2016 1013 2056 ad
1035 2030 1183 2057 sonum
1204 2017 1386 2058 carmina
1408 2017 1695 2073 cantabantur,

214 2087 516 2144 appellationes
559 2084 881 2127 considerandas
922 2088 1205 2139 transeamus,
1255 2085 1445 2127 carminis
1487 2085 1696 2142 Olympici

215 2155 363 2196 decimi
391 2155 434 2195 in
463 2170 503 2196 v.
534 2155 588 2195 84
625 2152 830 2194 Pindarus
868 2152 1086 2193 materiam
1116 2166 1191 2207 pro
1221 2153 1448 2194 materiatis
1477 2155 1697 2198 nominans

214 2223 327 2266 illam
357 2224 462 2265 dixit
491 2220 683 2274 κάλαμον,
724 2221 868 2263 eadem
908 2222 950 2262 in
978 2234 1016 2262 V.
1049 2222 1102 2262 94
1134 2226 1196 2263 est
1236 2219 1377 2274 γλυκὺς
1412 2221 1549 2272 αὐλός.
1608 2222 1698 2265 Nec

215 2308 333 2337 secus
353 2293 395 2333 in
417 2291 596 2333 carmine
615 2290 793 2346 Pythico
821 2289 1081 2343 duodecimo,
1112 2304 1194 2345 quo
1214 2290 1345 2345 ipsius
1366 2290 1494 2332 tibiae
1515 2291 1698 2334 inventio

214 2367 407 2406 enarrata
447 2366 530 2415 est,
570 2364 792 2416 postquam
830 2359 873 2401 in
905 2373 943 2402 v.
979 2361 1027 2401 19
1067 2359 1220 2414 incepit
1260 2374 1285 2401 a
1315 2359 1520 2402 vocabulo
1552 2359 1697 2411 αὐλῶν,

214 2433 353 2475 statim
390 2432 433 2473 in
463 2444 501 2472 V.
532 2431 582 2471 21
611 2429 755 2471 tibiam
785 2427 898 2470 ἔντεα
939 2428 1148 2482 nominat,
1190 2428 1339 2482 quibus
1377 2428 1566 2470 Minerva
1596 2429 1697 2470 Gor-

215 2514 372 2557 gonum
402 2500 593 2554 planctus
621 2497 862 2538 imitibatur.
921 2495 1087 2538 Deinde
1123 2496 1163 2537 in
1206 2509 1244 2538 v,
1276 2497 1342 2547 25,
1381 2496 1453 2538 ubi
1495 2497 1695 2538 auleticus

212 2583 362 2613 nomus
392 2567 542 2609 dicitur
571 2568 717 2608 λεπτοῦ
745 2563 1018 2618 διανισόμενος
1054 2569 1209 2619 χαλκοῦ
1244 2563 1367 2617 θαμά
1405 2566 1471 2606 καὶ
1510 2564 1697 2615 δονάκων,

215 2653 286 2680 aes
317 2641 358 2679 et
388 2636 555 2688 calami,
599 2649 653 2677 ex
681 2634 832 2689 quibus
863 2634 991 2676 tibiae
1020 2633 1349 2687 fabricabantur,
1388 2646 1464 2688 pro
1505 2634 1569 2674 his
1598 2632 1696 2687 ipsis

214 2705 440 2750 substituta
470 2707 576 2746 sunt.
635 2703 785 2759 Itaque
815 2703 940 2745 etiam
971 2701 1325 2757 elegantissimum
1365 2701 1467 2743 illud
1505 2701 1546 2742 in
1575 2714 1612 2742 v,
1643 2702 1694 2742 27

220 2777 374 2831 7,πιστοὶ
399 2776 598 2829 χορευτᾶν
626 2772 865 2827 ,ιιάρτυρες“,
898 2785 1148 2827 quamquam
1176 2772 1429 2826 generaliter
1459 2770 1510 2813 de
1531 2769 1697 2811 calamis

216 2846 376 2888 dictum
419 2847 507 2894 est,
551 2846 692 2884 tamen
731 2841 853 2883 tibias
895 2840 1123 2897 significat,
1177 2841 1329 2897 quippe
1373 2853 1480 2896 quae
1524 2837 1697 2881 comites

217 2913 392 2958 chol-icis
425 2911 658 2955 cantoribus
687 2910 906 2953 adfuerint.
