2139 3299
361 247 411 289 12
1049 249 1167 304 [250]

361 388 556 429 quarum,
588 380 633 417 ut
664 375 906 432 Apollinem
938 376 1248 426 comitantium,
1289 375 1410 417 sedes
1440 382 1550 418 esset
1581 376 1735 434 Pytho.
1795 378 1853 421 At

357 457 451 483 cum
482 457 534 485 ne
558 458 639 486 uno
662 444 832 500 quidem
853 444 975 486 huius
998 445 1191 486 carminis
1211 444 1304 485 loco
1330 444 1469 499 Pytho
1494 446 1660 487 nomine
1682 448 1850 501 proprio

359 511 572 566 appellata
603 513 668 566 sit,
698 512 906 555 Pindarus
937 512 1000 554 his
1030 513 1156 554 variis
1188 513 1468 554 locutionibus
1501 528 1583 556 non
1615 514 1723 565 ideo,
1755 515 1852 570 quia

357 579 469 620 idem
483 594 633 622 nomen
647 585 836 636 repetere
853 581 1033 631 nolebat,
1052 581 1123 621 sed
1140 594 1238 622 casu
1251 595 1349 622 usus
1367 585 1441 634 est,
1463 583 1569 623 sicut
1583 596 1658 624 nos
1671 596 1850 638 quoque,

358 649 390 690 si
412 649 602 703 pluribus
625 649 677 692 de
702 650 841 705 aliqua
864 664 909 692 re
934 650 1105 704 agimus,
1134 663 1218 691 non
1243 649 1388 692 eadem
1415 665 1546 706 usque
1570 651 1851 707 appellatione

359 731 452 757 eam
496 722 704 759 notamus.
765 718 889 765 Quod
935 718 1068 772 primo
1112 718 1277 772 quidem
1321 720 1469 759 obtutu
1515 724 1673 761 rectum
1720 720 1852 760 videri

358 789 508 839 potest.
568 785 648 827 Sed
681 786 797 827 initio
830 784 953 827 huius
985 785 1177 827 carminis
1214 787 1448 828 accuratius
1480 786 1666 842 inspecto
1697 801 1851 842 cogno-

358 866 521 893 scemus
552 853 591 893 in
625 868 663 896 v.
697 856 720 895 5
753 854 888 894 inesse
918 854 1079 909 Pythus
1110 855 1300 908 signum,
1341 869 1433 895 cum
1468 854 1709 905 Πυθιόνικος
1740 860 1850 898 certe

356 921 457 961 nihil
489 921 600 962 aliud
632 923 838 975 significet
867 936 987 977 quam
1022 937 1132 974 eum,
1164 923 1233 976 qui
1268 925 1413 963 Πυθοῖ
1438 924 1545 964 vicit.
1592 923 1742 978 Itaque
1773 924 1853 964 hoo

356 989 447 1043 ipso
492 990 685 1044 exemplo
726 991 920 1032 statuisse
962 991 1039 1032 sibi
1079 990 1317 1032 Pindarum
1348 991 1533 1045 regulam
1574 992 1685 1033 illam
1726 1006 1851 1046 supra

357 1061 632 1097 memoratam
665 1057 811 1099 mirum
841 1058 880 1098 in
922 1058 1092 1099 modum
1134 1059 1453 1113 comprobatur,
1493 1059 1591 1113 quia
1631 1064 1850 1114 postquam

356 1125 602 1167 thesaurum
625 1128 865 1179 carminum,
889 1128 1037 1182 quibus
1062 1128 1226 1168 victoris
1249 1141 1380 1180 genus
1399 1127 1573 1182 Delphis
1595 1128 1849 1169 celebratum

359 1197 471 1245 erat,
516 1194 816 1250 Pythionicum
855 1196 1105 1252 appellavit,
1154 1194 1317 1251 Pythus
1358 1209 1534 1250 nomen,
1579 1195 1687 1251 quod
1734 1196 1770 1237 ei
1809 1196 1850 1238 in

357 1263 563 1304 vocabulo
594 1264 664 1304 illo
697 1265 834 1305 inesse
867 1264 1110 1316 videbatur,
1142 1270 1333 1318 repetere
1367 1266 1525 1306 veritus
1558 1270 1632 1306 est.

496 1354 687 1403 Quocum
720 1356 985 1397 consentiunt
1017 1369 1122 1410 quae
1155 1355 1330 1409 legimus
1370 1356 1412 1396 in
1452 1356 1633 1396 carmine
1672 1355 1849 1410 Pythico

356 1421 539 1463 decimo:
576 1423 616 1463 in
651 1437 685 1464 V.
719 1426 742 1463 4
776 1422 932 1472 Πυθώ,
962 1423 1000 1462 in
1034 1438 1073 1463 v.
1106 1426 1129 1463 8
1162 1422 1182 1462 ὁ
1220 1422 1441 1475 ΙἹιιρνάσιι)ς
1471 1422 1623 1477 μυχός,
1654 1423 1690 1463 in
1724 1437 1763 1464 V.
1798 1425 1846 1464 15

355 1488 432 1530 ὑπό
455 1491 606 1543 Κίρρας
629 1490 790 1544 πέτραν.
838 1491 904 1534 De
927 1492 1135 1532 adiectivo
1160 1489 1387 1544 ΙΙαρνάσιης
1408 1492 1491 1532 iam
1512 1506 1637 1547 supra
1659 1491 1848 1543 diximus,

356 1573 502 1600 verum
535 1561 658 1601 etiam
693 1561 830 1600 verbis
867 1561 967 1610 „sub
994 1558 1167 1600 Cirrhae
1199 1559 1325 1613 rupe“
1361 1559 1600 1613 Pythonem
1630 1560 1850 1613 significari

354 1626 448 1666 loco
492 1626 600 1680 apud
646 1626 872 1668 Pindarum
916 1627 1102 1681 inspecto
1146 1640 1268 1667 nemo
1317 1626 1506 1679 negabit,
1553 1641 1645 1668 cum
1691 1627 1755 1667 hic
1798 1626 1848 1666 de

357 1695 650 1737 certaminibus
675 1695 890 1750 Delphicis
922 1700 1072 1750 agatur
1100 1700 1141 1736 et
1167 1694 1311 1736 Cirrha
1343 1695 1441 1736 urbs
1468 1695 1520 1736 ab
1542 1696 1644 1737 urbe
1660 1695 1851 1748 Pythone

356 1763 546 1816 proxime
575 1764 741 1806 afuerit.

490 1855 580 1895 Iam
632 1856 824 1909 quamvis
875 1856 1014 1897 omnia
1072 1857 1370 1911 perlustremus
1428 1856 1609 1896 carmina
1661 1855 1850 1910 Pythica,

355 1923 514 1964 nullum
559 1928 695 1964 tamen
744 1931 791 1965 ut
836 1925 1137 1977 investigemus
1183 1926 1396 1978 continget
1443 1925 1680 1977 exemplum
1726 1924 1849 1963 ullius

354 1991 651 2046 appellationis
683 1992 848 2047 Pythus
880 1998 951 2033 aut
982 1993 1022 2032 in
1056 1993 1229 2046 stropha
1261 1992 1408 2034 eadem
1440 1996 1513 2032 aut
1545 1992 1584 2031 in
1625 1995 1848 2046 systemate

353 2058 500 2100 eodem
532 2060 748 2115 repetitae.
803 2059 851 2101 In
882 2075 965 2102 uno
998 2061 1178 2102 carmine
1200 2060 1420 2115 Olympico
1442 2060 1623 2101 secundo
1648 2059 1852 2100 Pindarus

353 2133 574 2182 postquam
606 2129 646 2169 in
681 2143 717 2168 v,
750 2131 803 2169 39
836 2129 1073 2185 Pythonem
1107 2129 1237 2184 ipsam
1280 2128 1643 2175 commemoravit,
1688 2128 1766 2167 iam
1809 2128 1850 2167 in

353 2210 389 2235 v.
413 2198 468 2237 49
501 2195 552 2236 ad
585 2196 696 2238 idem
727 2212 876 2239 nomen
908 2198 1104 2248 recurrit3
1135 2198 1206 2239 sed
1240 2212 1331 2238 cum
1364 2197 1472 2238 inter
1496 2196 1599 2237 duos
1621 2197 1714 2237 illos
1736 2197 1850 2237 locos

352 2278 436 2305 non
469 2265 605 2305 solum
640 2269 727 2306 tota
763 2266 937 2321 stropha
977 2265 1157 2317 intersit,
1197 2265 1271 2306 sed
1314 2267 1436 2306 etiam
1477 2265 1577 2306 novi
1616 2265 1852 2319 systematis

355 2333 520 2375 initium
554 2333 712 2374 factum
742 2335 807 2387 sit,
838 2335 986 2389 regula
1017 2334 1087 2375 illa
1117 2335 1286 2376 minime
1316 2334 1605 2375 labefactatur.

487 2425 662 2477 Restat,
694 2430 738 2466 ut
769 2426 1078 2468 examinemus.
1110 2440 1208 2467 num
1238 2425 1447 2467 Pindarus
1479 2424 1655 2466 eundem
1688 2424 1848 2465 dicendi

352 2493 522 2534 modum
552 2494 593 2534 in
622 2490 924 2535 NEMEAEIS
948 2498 989 2534 et
1010 2494 1308 2535 ISTHMIOIS
1331 2494 1580 2535 carminibus
1602 2493 1850 2544 servaverit3

353 2575 605 2616 quamquam
638 2575 719 2603 non
752 2561 902 2603 eodem
936 2561 1074 2603 studio
1106 2566 1148 2603 et
1179 2575 1322 2603 amore
1352 2562 1393 2602 in
1434 2560 1521 2614 his,
1562 2575 1645 2615 quo
1687 2560 1727 2601 in
1762 2560 1850 2601 odis

351 2630 582 2684 Olympicis
615 2634 656 2671 et
676 2630 880 2685 Pythicis,
912 2631 1185 2671 certaminum
1216 2631 1433 2684 regionem
1462 2629 1664 2683 depinxit.
1727 2627 1849 2675 Quod

350 2698 490 2739 nescio
533 2702 671 2739 utrum
718 2698 874 2738 factum
920 2698 994 2747 sit,
1047 2697 1143 2752 quia
1188 2696 1442 2739 Nemeorum
1493 2703 1534 2738 et
1582 2695 1852 2737 Isthmiorum

349 2765 582 2807 aestimatio
622 2766 758 2807 minor
799 2771 890 2807 erat
933 2780 1054 2819 quam
1096 2765 1384 2820 Olympiorum
1424 2770 1465 2806 et
1496 2765 1770 2819 Pythiorum,
1810 2763 1850 2804 id

349 2832 461 2888 quod
505 2833 712 2876 Pindarus
756 2835 846 2889 ipse
888 2833 1093 2888 significat
1139 2833 1180 2874 in
1224 2832 1413 2874 carminis
1457 2831 1656 2873 Nemeaei
1702 2830 1850 2872 decimi

348 2916 385 2943 V.
419 2904 485 2953 32,
516 2916 568 2943 an
595 2903 688 2957 quia
712 2903 800 2957 ipsa
824 2902 896 2942 illa
919 2902 1035 2956 regio
1059 2902 1279 2942 fluviorum
1304 2906 1345 2942 et
1370 2901 1570 2942 montium
1595 2900 1852 2941 amoenitate
