2139 3299
414 245 466 291 38
1100 246 1217 303 [276]

413 377 662 431 Gorgonum
678 377 840 432 signum
858 377 1103 418 delitescere
1116 375 1290 418 videtur.
1323 375 1490 418 Etenim
1508 391 1602 418 cum
1616 375 1802 418 Minerva
1819 389 1904 417 non

411 445 534 487 unius
556 445 769 502 Euryalae
802 447 1007 502 planctus,
1040 443 1126 497 sed,
1147 448 1195 485 ut
1214 444 1256 486 in
1279 457 1316 487 v,
1340 445 1362 484 7
1385 447 1510 500 poeta
1528 445 1620 500 ipse
1640 444 1902 500 significavit,

411 515 646 570 geminatas
676 515 894 571 utriusque
924 514 1078 556 sororis
1109 514 1346 568 superstitis
1385 513 1705 557 lamentationes
1745 514 1906 555 imitata

413 587 539 637 esset,
571 583 637 624 hic
669 583 821 625 omissa
854 582 1067 624 Sthenone
1097 595 1172 636 pro
1196 581 1466 636 Gorgonibus
1496 583 1699 625 universis
1721 582 1905 638 Euryale

413 656 647 694 memorata
676 655 752 694 est.
812 650 1009 692 Eiusdem
1041 649 1232 692 carminis
1263 651 1305 692 in
1336 663 1374 692 v,
1409 651 1456 691 11
1502 664 1654 692 nomen
1695 652 1849 694 sororis
1880 665 1906 693 a

412 721 571 762 Perseo
615 719 864 771 trucidatae,
920 733 1027 778 quae
1075 719 1117 760 in
1161 732 1199 761 v,
1248 720 1298 760 16
1347 717 1548 772 εὐπάραος
1594 718 1784 762 Μέδοισα
1827 724 1904 775 est,

414 789 619 830 Pindarus
650 788 888 830 doctissime
926 788 985 829 ita
1027 788 1228 840 variavit,
1269 791 1315 828 ut
1357 800 1450 829 eam
1491 787 1625 841 τρίτον
1666 793 1907 844 κασιγνητᾶν

412 856 532 910 μέρος
562 856 732 899 diceret.

1116 1026 1207 1080 §a

550 1132 758 1180 Quoniam
789 1131 841 1172 de
879 1131 966 1173 deis
1007 1130 1270 1186 deabusque,
1312 1144 1483 1186 quarum
1522 1131 1634 1188 apud
1675 1132 1903 1175 Pindarum

410 1200 639 1242 identidem
658 1201 813 1243 mentio
833 1192 940 1242 facta
957 1206 1034 1254 est,
1052 1201 1151 1241 satis
1165 1200 1306 1241 multis
1321 1199 1554 1255 disputasse
1568 1202 1690 1243 nobis
1705 1202 1905 1253 videmur,

411 1282 523 1310 nunc
553 1266 734 1323 primum
764 1269 1002 1320 heroum,
1046 1267 1195 1309 deinde
1228 1268 1573 1310 heroinarum
1603 1269 1904 1325 appellationes

413 1337 782 1378 considerabimus.
827 1337 1017 1391 Cumque
1039 1336 1346 1378 HERCULES
1369 1337 1516 1377 ceteris
1538 1338 1727 1378 omnibus
1748 1338 1900 1380 virtute

412 1410 453 1446 et
485 1405 617 1459 gloria
647 1405 902 1460 praestitisse
934 1405 1148 1459 videatur,
1190 1405 1242 1445 ab
1285 1405 1360 1446 hoc
1397 1405 1557 1446 initium
1598 1406 1761 1449 faciam.
1823 1407 1905 1454 Qui

413 1478 635 1527 postquam
667 1473 859 1514 carminis
881 1473 1087 1528 Olympici
1120 1473 1269 1514 decimi
1299 1473 1339 1513 in
1368 1486 1405 1515 V.
1429 1475 1482 1514 30
1504 1474 1672 1515 nomine
1691 1474 1905 1528 Ἠρακλέης

414 1540 677 1583 introductus
705 1546 788 1593 est,
826 1541 868 1582 in
897 1555 936 1582 v.
968 1542 1134 1582 44—45
1167 1540 1314 1582 dicitur
1345 1541 1439 1591 Διὸς
1468 1539 1629 1594 ἄλκιμος
1658 1541 1765 1592 υἱός,
1797 1556 1903 1598 quae

415 1608 610 1651 Herculis
642 1609 869 1664 appellatio
896 1609 978 1650 iam
1006 1610 1047 1650 in
1070 1608 1173 1651 Hes.
1196 1623 1251 1651 sc.
1275 1609 1401 1652 Herc.
1425 1623 1461 1651 V.
1483 1611 1565 1651 320
1588 1615 1740 1652 exstat.
1787 1611 1904 1652 Simi-

414 1679 506 1720 liter
544 1679 587 1719 in
629 1678 710 1720 oda
750 1676 964 1719 Nemeaea
1005 1678 1138 1732 prima
1178 1677 1407 1731 Hercules,
1455 1679 1570 1720 cuius
1614 1693 1767 1721 nomen
1812 1693 1903 1735 pro-

414 1748 550 1803 prium
580 1747 621 1787 in
653 1760 691 1788 V.
725 1748 777 1787 33
820 1746 993 1801 legitur,
1034 1746 1077 1786 in
1109 1760 1149 1788 v.
1182 1746 1234 1787 35
1278 1746 1395 1787 audit
1436 1751 1527 1796 παῖς
1568 1746 1684 1797 Διός,
1727 1762 1821 1789 cum
1861 1749 1902 1789 in

414 1829 452 1857 v.
500 1816 553 1856 58
598 1814 882 1870 appellatione
927 1813 1018 1855 υἱοῦ
1062 1814 1147 1856 scil.
1207 1814 1523 1870 Amphitryonis
1572 1816 1793 1870 insignitus
1838 1817 1903 1859 sit.

415 1882 506 1924 Iam
549 1884 742 1924 carminis
782 1882 982 1924 Nemeaei
1020 1883 1130 1924 tertii
1168 1883 1211 1924 in
1250 1898 1285 1926 v.
1318 1885 1366 1924 21
1410 1884 1526 1925 initio
1567 1883 1703 1926 denuo
1739 1884 1849 1927 facto
1880 1899 1904 1926 a

414 1953 581 1994 nomine
608 1949 817 2005 Ἡρακλέος
848 1951 889 1992 in
920 1965 959 1993 v.
992 1952 1045 1992 22
1075 1951 1145 1991 ille
1176 1951 1384 1994 locutione
1416 1949 1526 2005 ἥρως
1559 1951 1657 2002 θεός
1687 1952 1903 1996 decoratus

417 2025 491 2062 est.
551 2020 691 2068 Quid?
730 2020 771 2060 in
803 2034 842 2062 v.
874 2021 941 2073 37,
982 2019 1052 2060 ubi
1089 2019 1326 2061 Telamonis
1365 2019 1513 2062 laudes
1551 2024 1719 2075 propter
1757 2035 1824 2063 res
1862 2023 1905 2063 in

416 2089 535 2130 bellis
567 2086 846 2129 Laomedonti
878 2091 919 2128 et
950 2086 1231 2129 Amazonibus
1262 2088 1388 2129 illatis
1418 2088 1600 2143 gloriose
1631 2092 1771 2144 gestas
1800 2089 1906 2132 cele·
1948 2094 1951 2095 ⁷

415 2159 610 2210 brantur,
659 2170 796 2199 nonne
844 2170 1000 2198 novum
1050 2156 1244 2198 Herculis
1303 2158 1467 2211 signum
1526 2156 1904 2212 deprehendimus?

414 2227 582 2269 Etenim
614 2226 724 2268 hunc
753 2225 862 2267 illius
894 2225 1096 2267 adversus
1128 2225 1252 2266 Ilium
1285 2225 1562 2281 expeditionis
1602 2225 1749 2268 ducem
1779 2226 1905 2270 fuisse

414 2297 523 2337 inter
553 2308 695 2336 omnes
727 2298 911 2346 constat,
951 2298 992 2335 et
1032 2308 1285 2350 quamquam
1323 2294 1445 2335 multi
1485 2298 1525 2336 et
1565 2294 1676 2336 docti
1714 2295 1904 2336 homines

415 2365 468 2407 de
498 2364 699 2406 hocloco
738 2362 1077 2418 disputaverunt,
1120 2368 1260 2405 tamen
1300 2362 1483 2404 nondum
1524 2362 1625 2404 satis
1666 2364 1905 2418 expositum

415 2438 491 2486 est,
524 2432 796 2487 quamobrem
815 2431 1026 2472 Pindarus
1058 2432 1137 2472 hoc
1157 2432 1249 2472 loco
1271 2445 1354 2472 non
1377 2431 1615 2484 Herculem,
1648 2431 1719 2472 sed
1741 2432 1904 2473 Iolaum

415 2500 703 2542 nominaverit.
765 2499 889 2547 Quod
920 2498 1059 2540 nescio
1091 2513 1146 2540 an
1175 2499 1234 2540 sic
1269 2498 1458 2554 expediri
1496 2499 1640 2554 possit,
1680 2501 1726 2539 ut
1765 2497 1905 2550 Ἰόλαος

416 2583 648 2624 cognomen
681 2567 873 2610 Herculis
913 2567 1057 2621 fuerit3
1094 2567 1172 2608 nisi
1206 2568 1346 2622 potius
1376 2567 1582 2608 Pindarus
1613 2567 1905 2621 repetitionem

415 2637 614 2679 Herculis
644 2636 824 2678 nominis
855 2640 1114 2691 aspernatus,
1147 2649 1240 2677 cum
1262 2636 1343 2677 alia
1367 2635 1677 2677 circumlocutio
1699 2635 1904 2689 generalis

414 2706 545 2747 Aeaci
575 2710 616 2748 et
647 2705 765 2748 Pelei
793 2706 955 2747 interea
986 2705 1195 2747 mentione
1223 2704 1333 2746 facta
1369 2705 1588 2760 perspicua
1627 2718 1707 2746 non
1744 2703 1903 2758 fuisset,

414 2788 489 2829 pro
521 2774 704 2815 Hercule
736 2773 998 2815 substituisse
1030 2773 1237 2815 videbitur
1276 2773 1463 2826 Iolaum,
1504 2772 1658 2827 quippe
1700 2773 1770 2828 qui
1809 2785 1903 2827 per-

414 2847 568 2897 petuus
593 2841 652 2883 illi
674 2855 812 2883 comes
840 2846 948 2882 esset
971 2846 1012 2882 et
1032 2841 1074 2883 in
1097 2840 1244 2882 eadem
1266 2854 1361 2882 cum
1381 2840 1568 2883 Hercule
1589 2853 1660 2881 ara
1681 2841 1901 2882 coleretur.

416 2910 548 2952 Porro
588 2910 630 2951 in
669 2909 860 2951 carminis
891 2909 1078 2950 Isthmici
1120 2904 1254 2964 quinti
1284 2923 1321 2950 v.
1351 2908 1406 2949 30
1437 2907 1630 2950 Herculis
1659 2921 1811 2950 nomen
1846 2907 1905 2950 ita
