2139 3299
431 247 484 289 42
831 251 834 253 ’
1118 244 1236 301 [280]

430 385 555 427 quam
585 371 627 413 in
657 375 777 414 sexto
821 374 1048 428 systemate
1090 370 1252 414 Iasonis
1281 371 1462 414 nomine
1504 373 1673 430 proprio
1714 376 1778 415 ter
1817 387 1918 416 usus

430 445 508 493 est,
540 446 680 482 tamen
712 454 808 482 cum
838 453 1002 494 semper
1034 440 1346 497 circumlocutio
1386 441 1525 495 aliqua
1565 442 1812 496 interposita
1852 443 1917 495 sit,

428 507 637 551 Pindarus
668 507 978 564 quodammodo
1009 508 1299 564 repetitionem
1334 507 1523 551 eiusdem
1562 509 1741 552 nominis
1781 509 1920 552 dedita

430 590 560 632 opera
590 577 757 619 videtur
788 577 1032 618 declinasse.

569 629 740 690 Ceteros
770 646 921 688 heroas
953 659 1046 687 cum
1077 646 1211 688 minus
1243 646 1391 702 amplis
1420 646 1770 702 appellationibus
1794 651 1921 704 poeta

431 715 710 769 exornaverit,
743 716 843 757 satis
876 715 966 768 erit,
997 715 1032 756 si
1062 715 1153 770 ipsa
1184 715 1324 768 verba,
1357 728 1409 756 ex
1441 715 1592 771 quibus
1621 716 1724 758 illud
1754 717 1919 762 nomina

428 784 619 826 variandi
649 783 836 826 studium
865 789 1079 840 appareat,
1111 784 1385 840 proferemus.
1435 785 1502 839 Ita
1527 786 1785 828 nominatur:

564 852 805 895 Oenomaus
845 853 910 895 Ol.
944 853 966 894 I
999 854 1050 894 70
1095 851 1254 894 Πισάτα
1282 852 1431 907 πατρός
1469 854 1573 906 (scil.
1612 852 1919 908 Ἱπποδαμείας),

427 935 465 963 V.
499 923 549 964 76
584 919 802 974 Οἰνομάου,
834 936 874 964 V.
906 922 959 963 88
993 920 1208 973 Οἰνομάου.

562 989 718 1044 Pelops
746 989 813 1032 Ol.
844 990 866 1031 I
897 992 951 1031 24
991 992 1139 1031 Λυδοῦ
1181 989 1384 1039 Πέλοπος,
1427 1004 1465 1032 V.
1498 992 1553 1031 36
1591 990 1651 1031 υἱὲ
1694 988 1919 1040 Ταντάλου,

426 1071 464 1101 V.
497 1059 550 1101 65
581 1054 684 1108 υἱόν,
714 1073 754 1101 V.
787 1059 840 1100 95
873 1055 1079 1109 ῙΙέλοπος,·

561 1126 776 1181 Aepytus,
826 1126 1074 1169 Phaesanae
1122 1126 1329 1169 Arcadiae
1369 1141 1466 1181 rex,
1519 1128 1583 1169 Ol.
1622 1126 1686 1168 VI
1725 1128 1779 1168 33
1820 1125 1918 1185 ἥρωι

429 1195 638 1254 Εἰλατίδᾳ,
668 1209 707 1238 V.
739 1196 792 1238 36
825 1194 1025 1247 Αἴπυτον,
1054 1209 1091 1237 V.
1123 1197 1175 1238 47
1206 1194 1414 1250 βασιλεύς;

564 1263 772 1305 Adrastus
804 1264 869 1306 Ol.
900 1264 963 1305 VI
998 1267 1048 1306 13
1069 1263 1313 1317 ”Αδραστος,
1344 1278 1382 1306 V.
1412 1266 1462 1306 15
1500 1264 1785 1314 Ταλαϊονίδας;

563 1331 674 1375 idem
702 1331 825 1375 Nem.
856 1333 924 1375 IX
955 1334 978 1373 9
999 1331 1239 1387 ”Αδραστος,
1271 1346 1308 1373 V.
1343 1334 1395 1374 10
1423 1331 1551 1387 ἥρωα,
1584 1333 1643 1386 (V.
1680 1335 1729 1374 14
1757 1336 1920 1375 Ταλαοῦ

426 1399 583 1454 παῖδες)
594 1418 607 1450 ,·

563 1468 835 1524 Tlepolemus
867 1469 933 1512 Ol.
966 1468 1056 1511 VII
1086 1471 1140 1511 20
1175 1467 1454 1522 Τλαπολέμου,
1486 1484 1526 1512 V.
1550 1470 1603 1511 30
1623 1471 1748 1511 τοῖσδε
1766 1467 1918 1524 χθονὸς

427 1536 600 1591 (Ῥόδου)
630 1536 819 1592 οἰκιστήρ,
858 1551 896 1580 V.
931 1539 1096 1580 77—78
1134 1539 1395 1595 Τλαπολέμῳ,
1440 1537 1668 1592 Τιρυνθίων
1698 1536 1920 1596 α’ρχαγέτᾳς

559 1606 728 1648 Aeacus
760 1605 826 1649 Ol.
858 1607 970 1648 VIII
1002 1609 1055 1649 30
1087 1608 1258 1657 Αἰακοῦ,
1290 1621 1330 1649 V.
1361 1607 1416 1648 42
1446 1605 1566 1661 ἥρως,
1596 1621 1636 1648 V.
1663 1608 1717 1648 50
1738 1604 1920 1657 Αἰακόν;

560 1674 672 1716 idem
703 1674 825 1719 Nem.
856 1674 968 1717 VIII
1002 1677 1022 1717 7
1056 1673 1239 1725 Οἰνώνας
1268 1674 1464 1729 βασιλεύς,
1495 1690 1533 1717 V.
1567 1677 1617 1716 13
1650 1675 1835 1725 Αἰακοῦ;

561 1744 781 1786 Patroclus
799 1743 865 1787 Ol.
881 1744 946 1786 IX
965 1746 1016 1786 70
1033 1749 1106 1786 τοῦ
1124 1743 1387 1798 (Μενοιτίου)
1404 1748 1507 1797 παῖς,
1530 1759 1568 1786 V.
1590 1745 1640 1787 75
1662 1742 1898 1796 Πατρόκλου
1909 1762 1921 1795 ,·

560 1812 734 1868 Augeas
766 1813 830 1855 Ol.
861 1813 905 1855 X
935 1815 988 1855 28
1027 1812 1200 1867 Αὐγέαν,
1232 1828 1271 1855 V.
1305 1813 1357 1854 35
1388 1812 1557 1854 Ἐπειῶν
1588 1810 1795 1865 βασιλεύςς

561 1882 800 1925 Philocteta
829 1882 957 1939 Pyth.
987 1882 1009 1924 Ῑ
1038 1883 1092 1925 50
1125 1881 1392 1936 Φιλοκτήταο,
1432 1897 1469 1925 V.
1503 1882 1558 1924 53
1600 1881 1795 1931 Ποίαντος
1833 1880 1920 1923 υἱὸν

422 1948 592 1999 τοξόταν
603 1968 615 2000 ,·

559 2018 840 2074 Amphiaraus
856 2020 982 2074 Pyth.
997 2019 1107 2060 VIII
1125 2021 1178 2061 39
1194 2018 1367 2069 Ὀϊκλέος
1381 2023 1485 2068 παῖς,
1509 2032 1547 2061 V.
1565 2020 1619 2060 56
1645 2016 1919 2071 Ἀμφιοίρηος,·

556 2086 667 2128 idem
689 2086 811 2141 Nem.
831 2087 897 2128 IX
920 2087 971 2128 13
1001 2086 1257 2141 Ἀμφιάρηον
1278 2085 1559 2141 θρασυμήδεα,
1585 2100 1624 2128 V.
1651 2087 1700 2128 17
1721 2085 1918 2143 Οἰκλείδᾳ,

423 2167 460 2196 V.
493 2156 544 2196 24
575 2152 811 2212 Ἀμφιοίρῃ;

560 2222 658 2264 Idas
690 2226 731 2264 et
760 2222 968 2278 Lynceus,
1002 2221 1190 2278 Apharei
1220 2222 1307 2275 filii,
1336 2221 1456 2264 Nem.
1481 2221 1525 2264 X
1544 2235 1583 2264 V.
1606 2222 1772 2264 60--61
1796 2219 1916 2272 Ἴδας,

422 2289 621 2346 Λυγκεύς,
652 2305 689 2332 V.
719 2294 771 2334 65
802 2291 1088 2347 )Αφαρητίδαι,
1122 2306 1159 2333 V.
1193 2293 1354 2334 70—71
1390 2290 1586 2345 Λυγκέος,
1607 2289 1717 2348 Ἴδας

558 2360 699 2401 Iolaus
729 2360 875 2403 Isthm.
906 2360 928 2401 I
961 2363 1012 2402 14
1043 2359 1276 2415 Ἰολοίοι’(ο),
1307 2374 1346 2403 V.
1380 2361 1433 2402 26
1466 2358 1646 2415 Ἰφικλέος
1676 2364 1781 2409 παῖς.

558 2429 762 2471 Praetera
791 2428 1081 2485 Epigonorum
1112 2430 1420 2485 appellationes
1453 2429 1495 2470 in
1527 2429 1709 2471 carmine
1739 2427 1915 2483 Pythico

422 2501 569 2540 octavo
610 2498 690 2540 hae
719 2499 1017 2540 inveniuntur:
1057 2512 1094 2540 v,
1127 2499 1181 2539 40
1211 2498 1320 2548 υἱούς
1359 2498 1529 2553 (nempe
1559 2501 1720 2552 septem
1749 2496 1917 2538 illorum

421 2564 631 2620 heroum),
662 2579 700 2609 V.
723 2568 777 2607 42
798 2565 1007 2620 Ἐπίγονοι,
1037 2580 1074 2609 V.
1100 2568 1154 2610 52
1178 2568 1354 2607 Δαναῶν
1375 2570 1564 2620 στρατοῦ,
1588 2569 1628 2606 et
1651 2563 1919 2619 Hyperborei

421 2633 462 2673 in
502 2634 683 2676 carmine
725 2634 903 2689 Pythico
945 2635 1102 2676 decimo
1142 2635 1253 2675 hunc
1298 2635 1339 2675 in
1386 2634 1560 2675 modum
1606 2632 1917 2674 commemorati

423 2704 538 2742 sunt:
568 2714 607 2744 V.
629 2703 684 2743 30
704 2700 983 2757 Ὑπερβορέων,
1016 2718 1056 2746 v.
1080 2704 1134 2744 42
1156 2701 1243 2760 ἱερᾷ
1264 2706 1392 2760 γενεᾷ,
1413 2716 1451 2744 V.
1474 2703 1527 2743 46
1549 2699 1707 2754 ἀνδρῶν
1726 2698 1918 2754 μακάρων

422 2768 571 2821 ὅμιλον.
632 2771 699 2812 Ex
738 2771 801 2812 his
840 2786 1009 2827 quoque
1041 2772 1245 2826 exemplis
1276 2771 1472 2825 cognosci
1501 2773 1641 2824 potest
1672 2768 1916 2821 Pindarum,

422 2838 493 2880 ubi
525 2839 603 2881 viri
633 2840 813 2883 alicuius
846 2842 1014 2897 saepius
1045 2842 1201 2884 mentio
1234 2840 1425 2883 facienda
1448 2843 1572 2893 esset,
1604 2838 1729 2882 variis
1753 2842 1795 2881 et
1814 2838 1920 2880 inter

420 2921 465 2953 se
498 2907 672 2951 diversis
703 2910 942 2953 nominibus
973 2924 1095 2952 usum
1127 2923 1231 2964 esse,
1263 2915 1304 2952 et
1337 2913 1427 2951 tum
1459 2908 1624 2950 demum
1653 2906 1707 2948 ad
1737 2906 1917 2962 priorem
