2139 3299
349 245 373 287 6
1041 239 1156 297 [244]

347 369 542 420 carmina,
573 383 684 426 quae
706 370 748 411 in
772 369 961 412 codicum
982 373 1102 425 parte
1125 369 1379 424 continuata,
1405 370 1447 411 in
1469 371 1614 414 ceteris
1635 370 1840 429 dirempta

345 442 454 492 sunt,
484 440 527 480 in
562 453 692 481 unum
724 439 1045 480 coniunxerunt.

485 505 592 548 Cum
617 505 710 560 hac,
741 520 849 561 quae
870 505 981 547 inter
1002 505 1149 561 poesin
1171 505 1331 561 epicam
1354 511 1396 548 et
1416 507 1591 563 lyricam
1611 509 1845 564 intercedit,

344 575 581 617 differentia
618 575 758 616 nescio
799 588 853 615 an
899 579 989 615 arte
1030 575 1251 616 coniuncta
1292 575 1344 616 sit
1382 576 1514 618 altera
1549 577 1664 619 haec.
1737 577 1846 619 Nam

343 658 427 686 nou
455 643 594 686 solum
615 649 806 695 metrum,
828 642 900 683 sed
924 643 1051 684 etiam
1071 642 1295 685 verborum
1316 643 1524 686 delectum
1543 646 1577 687 si
1597 650 1846 700 spectamus,

345 712 464 767 epica
494 712 652 761 oratio,
697 725 791 752 cum
831 710 1131 765 aequabilitate
1174 711 1355 765 quadam
1386 712 1510 765 fluat,
1550 714 1774 769 simplicior
1804 719 1846 756 et

346 779 545 822 humilior
577 778 888 835 quodammodo
918 777 1009 821 esse
1033 778 1200 821 videtur
1230 793 1354 835 quan]
1376 781 1498 824 elatio
1519 786 1647 838 atque
1668 782 1844 825 altitudo

343 849 575 903 lyricorum
628 848 869 889 carminum.
949 847 1058 888 Sane
1117 848 1280 889 etiamsi
1326 850 1379 890 ab
1429 849 1510 891 illis
1568 851 1844 906 complurium

343 930 543 959 versuum
572 916 895 971 repetitionibus
918 916 1152 970 recesseris,
1184 929 1291 971 quae
1313 930 1338 957 a
1359 918 1657 971 posterioribus
1679 919 1846 961 demum

343 986 480 1040 poetis
531 985 694 1039 graecis
745 985 879 1026 veteri
928 985 1051 1025 Iliadi
1103 990 1145 1025 et
1197 983 1416 1039 Odysseae
1477 986 1667 1030 adiectae
1726 992 1844 1029 sunt:

342 1067 522 1108 magnus
584 1058 714 1095 restat
773 1067 972 1096 numerus
1033 1058 1240 1095 certarum
1303 1058 1345 1095 et
1404 1055 1522 1109 quasi
1581 1056 1844 1098 sollemnium

342 1122 678 1178 appellationum
711 1128 752 1162 et
783 1122 1055 1175 locutionum,
1087 1135 1196 1177 quae
1216 1122 1258 1162 in
1279 1122 1359 1163 illis
1381 1124 1588 1178 poematis
1608 1125 1843 1166 sexcenties

342 1191 554 1246 repetitae
586 1194 695 1233 sunt.
755 1190 863 1232 Nam
895 1205 990 1232 cum
1019 1195 1198 1232 metrum
1227 1204 1372 1233 versus
1415 1192 1531 1233 heroi
1572 1190 1675 1233 κατά
1707 1193 1843 1248 στίχον

346 1260 540 1316 usurpati
573 1264 779 1315 posceret,
810 1263 857 1301 ut
886 1264 958 1300 aut
989 1259 1178 1313 singulae
1208 1259 1395 1314 syllabae
1430 1260 1581 1315 longae
1613 1274 1712 1318 cum·
1738 1262 1842 1303 binis

343 1330 553 1372 brevibus
585 1332 658 1369 aut
689 1328 813 1370 binae
845 1328 1033 1383 syllabae
1063 1328 1216 1383 longae
1245 1328 1289 1369 in
1320 1343 1447 1370 unum
1488 1330 1640 1384 pedem
1675 1331 1844 1385 collige-

342 1402 502 1450 rentur,
535 1397 614 1438 hac
645 1401 759 1438 certa
789 1397 883 1451 lege
916 1397 1020 1452 epici
1051 1401 1205 1451 poetae
1236 1396 1358 1439 facile
1389 1398 1547 1439 inducti
1577 1403 1685 1452 sunt,
1717 1402 1763 1439 ut
1790 1398 1842 1439 ad

346 1480 396 1507 ea
427 1465 689 1520 potissimum
721 1465 925 1505 vocabula
959 1465 1344 1519 vocabulorumque
1376 1466 1701 1519 coniunctiones,
1734 1480 1842 1521 quae

343 1535 385 1576 in
418 1547 585 1576 versum
618 1533 792 1574 heroum
823 1541 923 1588 apte
954 1533 1170 1588 caderent,
1210 1534 1360 1575 iterum
1393 1534 1628 1590 iterumque
1657 1548 1841 1576 recurre-

343 1608 440 1646 rent
471 1608 599 1658 atque
620 1603 836 1657 ingentem
856 1601 971 1643 illam
993 1603 1155 1657 copiam
1184 1606 1495 1658 perpetuorum,
1528 1617 1634 1657 quae
1656 1604 1843 1657 dicimus,

347 1672 631 1728 epithetorum
652 1675 936 1726 procrearent,
970 1671 1120 1725 quibus
1142 1671 1258 1726 epica
1286 1671 1418 1712 oratio
1440 1671 1641 1713 abundat.
1692 1664 1843 1727 Itaque

346 1746 501 1796 poetae
533 1739 640 1795 epici
672 1738 795 1780 deum
832 1739 897 1780 vel
929 1739 1140 1781 hominem
1171 1740 1238 1781 vel
1268 1754 1355 1781 rem
1386 1740 1469 1780 iam
1500 1754 1626 1793 supra
1659 1740 1711 1781 ab
1742 1740 1841 1795 ipsis

348 1809 604 1852 nominatam
638 1807 775 1848 denuo
808 1808 1175 1848 commemoratur-i
1205 1807 1337 1849 isdem
1368 1808 1456 1849 fere
1477 1807 1689 1849 vocabulis
1721 1808 1843 1863 signi-

347 1877 473 1918 ficare
514 1877 662 1916 solent.
722 1875 782 1916 Ut
821 1889 875 1916 ex
914 1875 1146 1929 sexcentis,
1188 1889 1295 1930 quae
1339 1876 1381 1916 in
1421 1876 1599 1917 Homeri
1638 1877 1844 1930 poematis

345 1946 626 2000 reperiuntur,
643 1944 844 1999 exemplis
857 1957 991 1984 unum
1005 1943 1234 1985 alterumve
1251 1944 1479 1999 proferam,
1495 1943 1574 1985 Od.
1590 1944 1610 1984 I
1626 1958 1663 1985 V.
1677 1946 1812 1986 68-7
1820 1946 1842 1985 7

346 2013 571 2069 Neptunus
594 2017 742 2066 quater
765 2012 910 2053 eodem
933 2013 1100 2052 nomine
1124 2011 1360 2052 Ποσειδάων
1381 2012 1619 2067 appellatus
1644 2016 1719 2065 est,
1752 2025 1842 2053 cum

348 2081 427 2124 Od.
441 2081 508 2124 IX
523 2097 563 2123 v.
577 2082 801 2123 345—364
817 2079 1012 2136 Cyclopis
1029 2095 1181 2123 nomen
1200 2086 1346 2136 quater
1363 2087 1404 2123 et
1421 2080 1499 2123 Od.
1515 2080 1558 2122 X
1570 2094 1607 2122 V.
1621 2082 1842 2122 276—295

348 2149 487 2191 Circes
505 2163 659 2190 nomen
678 2149 899 2204 quinquies
913 2150 1138 2204 repetitum
1157 2150 1224 2191 sit.
1257 2149 1347 2189 Iam
1362 2163 1460 2189 vero
1478 2149 1528 2190 Il.
1543 2149 1610 2189 III
1625 2163 1663 2191 V.
1679 2151 1729 2190 16
1744 2152 1841 2191 -37

346 2218 466 2259 Paris
507 2222 655 2273 quater
686 2215 953 2270 Ἀλέξανδρος
989 2217 1173 2272 θεοειδής
1211 2218 1347 2260 dictus
1390 2223 1471 2271 est,
1511 2218 1569 2259 ita
1608 2223 1655 2258 ut
1695 2218 1843 2260 eodem

346 2299 511 2340 semper
543 2285 731 2340 epitheto
759 2286 950 2339 apposito
978 2286 1189 2337 μονοτονία
1209 2291 1428 2340 augeatur.
1481 2285 1574 2332 Qua
1596 2286 1844 2340 repetitione

345 2354 573 2396 eorundem
604 2353 817 2395 nominum
849 2368 902 2395 ne
940 2353 1125 2396 taedium
1156 2354 1425 2396 audientibus
1457 2359 1693 2407 moverent,
1725 2354 1843 2395 veriti

345 2423 375 2464 ii
405 2427 559 2478 poetae
589 2413 722 2477 lyrici,
755 2421 824 2476 qui
857 2423 1039 2463 carmina
1070 2423 1318 2477 politissima
1355 2427 1445 2465 arte
1476 2421 1758 2477 perficiebant,
1790 2422 1841 2463 ad

345 2491 387 2532 id
440 2491 659 2532 artificium
706 2489 901 2531 videntur
954 2491 1213 2545 confugisse,
1263 2496 1311 2532 ut
1360 2491 1534 2532 deorum
1584 2490 1843 2546 heroumque

345 2559 515 2602 nomina
546 2559 744 2615 epithetis
779 2559 1165 2602 circumscriberent
1194 2565 1321 2616 atque
1348 2560 1430 2602 alia
1450 2572 1616 2614 quoque
1638 2558 1843 2601 vocabula

343 2642 427 2670 non
483 2641 578 2670 raro
636 2627 976 2669 artificiosissime
1025 2629 1248 2671 variarent.
1337 2628 1461 2670 Certe
1515 2628 1621 2668 enim
1671 2627 1843 2669 Pindari

346 2697 531 2739 carmina
561 2700 679 2737 tanta
709 2696 1042 2752 appellationum
1073 2697 1265 2739 ubertate
1296 2703 1338 2739 et
1369 2697 1576 2738 variarum
1606 2697 1843 2739 translatio-

343 2779 445 2807 num
477 2766 598 2820 copia
629 2764 860 2817 abundant,
892 2770 940 2806 ut
969 2765 1046 2807 nisi
1080 2766 1161 2808 hoc
1190 2766 1360 2808 nomina
1383 2765 1570 2807 variandi
1601 2765 1739 2807 studio
1773 2767 1842 2808 vix

346 2834 535 2890 expediri
556 2834 703 2888 possit.
749 2832 878 2874 Cuius
900 2835 978 2875 arti
1001 2840 1224 2890 postquam
1241 2833 1549 2887 Studemund0‚
1573 2837 1844 2889 praeceptore

342 2916 435 2945 meo
466 2903 704 2957 carissimo,
735 2902 940 2944 suadente
973 2909 1013 2944 et
1044 2904 1286 2959 impellente
1329 2918 1404 2959 per
1443 2903 1608 2957 longius
1648 2903 1843 2959 temporis
