2139 3299
884 272 999 329 [291]
1243 342 1246 345 ἡ
1633 275 1685 315 53

201 403 460 462 fragmentis,
480 404 514 448 si
534 402 586 446 ab
608 401 919 460 epigrammatis
941 400 1244 454 recesserimus,
1268 399 1460 456 exempla
1476 399 1687 444 nominum

202 476 456 516 variatorum
501 488 586 516 non
635 473 766 527 magis
813 485 936 526 quam
985 471 1261 525 repetitorum
1311 469 1449 510 afferri
1495 477 1685 524 possunt,

202 549 339 586 tamen
372 557 563 586 censeam
584 541 660 583 hos
680 554 846 596 quoque
868 543 1010 594 poetas
1031 539 1101 579 illo
1122 538 1296 580 artificio
1318 553 1414 580 usos
1435 552 1539 579 esse.
1592 538 1686 579 Hoc

204 613 311 653 enim
332 611 676 654 verisimillimum
697 612 770 661 est,
794 609 981 649 choricos
1004 612 1152 662 poetas
1175 606 1313 647 studio
1337 607 1499 648 nomina
1521 608 1687 661 propria

204 680 422 722 artificiose
455 677 645 721 variandi
676 677 829 731 primos
860 689 904 716 se
934 675 1122 728 dedisse3
1141 689 1250 719 ¹nam
1281 674 1323 715 in
1354 676 1500 716 ceteris
1521 681 1687 729 praeter

204 747 414 798 choricum
457 753 499 789 et
543 747 703 801 epicum
746 743 883 798 poesis
923 743 1146 796 generibus
1186 747 1283 783 ante
1324 743 1508 796 tragicae
1548 743 1687 796 poesis

203 815 427 869 primordia
453 814 626 856 deorum
647 813 915 867 virorumque
936 810 1103 853 fortium
1122 810 1234 852 facta
1255 814 1296 851 et
1315 810 1400 851 fata
1422 811 1586 865 copiose
1607 824 1686 852 non

206 882 479 936 explicantur.
530 882 669 935 Atque
690 879 790 921 illud
811 879 1033 920 artificium
1052 879 1247 933 quoniam
1269 878 1394 932 epicis
1416 879 1549 933 poetis
1571 879 1686 933 igno-

205 955 292 993 tum
320 950 445 992 fuisse
480 954 655 1002 constat,
686 952 774 989 tum
806 948 972 989 demum
994 947 1106 989 nasci
1129 948 1277 1002 potuit,
1309 952 1528 1003 postquam
1550 948 1687 1003 poesis

208 1020 374 1061 chorica
401 1019 453 1060 ab
477 1019 604 1072 epica,
638 1030 744 1071 quae
775 1016 998 1057 earundem
1030 1016 1285 1057 locutionum
1304 1016 1575 1070 repetitiones
1604 1030 1687 1057 non

177 1087 330 1129 .modo
361 1100 441 1128 non
472 1085 795 1140 aspernabatur,
836 1083 909 1124 sed
940 1084 1063 1124 etiam
1103 1083 1351 1137 appetebat,
1390 1097 1560 1138 prorsus
1600 1088 1688 1125 erat

206 1157 401 1197 seiuncta.
447 1153 594 1208 Itaque
617 1166 710 1193 cum
726 1152 952 1194 Stesichori
972 1166 1037 1193 ars
1059 1151 1190 1206 lyrica
1213 1166 1304 1192 cum
1326 1153 1442 1206 poesi
1465 1153 1581 1207 epica
1603 1158 1689 1193 tam

208 1227 296 1263 arte
327 1223 583 1272 cohaereret,
613 1224 659 1260 ut
688 1220 777 1274 ipse
803 1234 828 1260 a
848 1219 1036 1278 Longino
1068 1217 1369 1273 ὁμηρικώτατος
1389 1219 1522 1261 dictus
1543 1234 1567 1261 a
1589 1234 1688 1262 non-

207 1291 329 1331 nullis
350 1288 586 1330 hominibus
608 1288 741 1329 doctis
761 1288 897 1342 poetis
920 1287 1047 1342 epicis
1070 1287 1426 1340 adnumeraretur,
1450 1289 1487 1329 ei
1509 1288 1688 1341 demum,

208 1359 276 1414 qui
307 1361 401 1412 post
431 1355 717 1397 Stesichorum
748 1356 1012 1410 exstiterunt,
1042 1360 1195 1411 poetae
1226 1355 1379 1397 chorici
1410 1356 1522 1397 illam
1549 1356 1689 1411 appel-

207 1427 409 1468 lationum
441 1414 687 1467 varietatem
714 1424 963 1479 appetivisse
994 1424 1188 1466 videntur
1221 1439 1269 1465 eo
1302 1424 1486 1476 consilio,
1522 1429 1691 1466 uteam

209 1494 334 1551 epicis
363 1493 678 1549 repetitionibus
711 1496 979 1548 opponerent.
1039 1491 1165 1534 Cuius
1206 1492 1369 1534 dicendi
1411 1492 1609 1535 ubertatis
1649 1497 1691 1534 et

210 1563 421 1605 varietatis
452 1561 645 1617 exempla
674 1562 794 1603 nobis
826 1560 939 1616 apud
969 1575 1096 1603 unum
1127 1561 1357 1603 Pindarum
1385 1566 1551 1604 servata
1581 1568 1689 1604 sunt.

344 1631 410 1672 Ad
442 1630 632 1672 scaenica
658 1630 796 1684 poesis
818 1643 973 1684 genera
993 1629 1093 1670 illud
1117 1630 1336 1671 artificium
1358 1631 1399 1671 in
1420 1631 1551 1687 lyrica
1572 1631 1691 1686 poesi

209 1701 422 1742 inventum
441 1699 690 1753 pertinuisse
711 1712 791 1739 non
814 1698 996 1739 videtur..
1040 1698 1089 1739 In
1111 1699 1278 1739 canticis
1300 1699 1471 1754 quidem
1491 1699 1692 1754 Aeschyli

210 1767 531 1822 tragoediarum,
563 1779 670 1820 quae
701 1767 830 1807 multa
860 1766 1016 1807 habent
1049 1767 1286 1807 communia
1316 1781 1411 1808 cum
1440 1767 1690 1808 carminibus

210 1836 392 1889 Pindari,
424 1834 612 1876 ncnnulli
642 1834 722 1875 loci
743 1834 898 1886 insunt,
927 1834 1000 1875 ubi
1020 1849 1103 1876 non
1125 1849 1298 1889 parvum
1319 1835 1503 1876 studium
1522 1836 1691 1876 nomina

208 1904 376 1960 propria
406 1902 592 1943 variandi
623 1903 888 1955 conspicitur.
947 1901 1099 1944 Nonne
1129 1903 1340 1958 aptissime
1372 1917 1464 1944 cum
1495 1904 1564 1945 illo
1594 1903 1691 1945 Pin-

212 1973 350 2014 darico
381 1970 554 2012 artificio
591 1971 804 2024 congruit,
845 1970 956 2025 quod
989 1971 1202 2013 Menelaus
1241 1976 1282 2013 et
1320 1972 1610 2026 Agamemnon
1649 1972 1689 2013 in

211 2042 361 2094 Agam.
412 2051 448 2079 v.
499 2039 553 2079 42
603 2038 843 2080 nominibus
892 2040 1070 2094 propriis
1120 2040 1402 2095 appellantur,
1461 2041 1502 2082 in
1550 2054 1587 2082 v,
1639 2043 1692 2082 44

211 2105 352 2163 ὀχυρὸν
391 2107 526 2160 ζεῦγος
560 2105 806 2160 Ἀτρείδαιν,
855 2121 950 2149 cum
987 2108 1028 2149 in
1069 2123 1107 2149 v.
1147 2111 1200 2150 60
1240 2113 1365 2163 poeta
1406 2122 1477 2150 eos
1522 2108 1693 2162 Ἀτρέως

210 2178 350 2226 παῖδας
407 2175 587 2216 dixerit?
672 2175 855 2217 Eosdem
909 2176 950 2217 in
1007 2191 1045 2218 v,
1104 2178 1183 2218 108
1242 2191 1324 2218 non
1381 2178 1514 2219 minus
1573 2178 1692 2220 docte

210 2245 382 2299 Ἀχαιῶν
431 2244 618 2296 δίθρονον
664 2243 803 2297 κράτος
852 2245 1112 2297 nominatos,
1172 2249 1393 2301 postquam
1440 2246 1481 2287 in
1529 2259 1566 2287 v.
1615 2248 1693 2286 114

212 2311 490 2368 appellatione
529 2315 729 2364 βασιλεῦσι
771 2317 872 2354 νεῶν
913 2313 1099 2368 insigniti
1140 2319 1257 2368 sunt,
1310 2316 1351 2357 in
1395 2328 1430 2356 V.
1476 2316 1694 2356 122-123

214 2380 447 2436 Aeschylus
488 2380 653 2422 nomine
692 2382 854 2422 variato
895 2380 1052 2431 δισσούς
1097 2382 1303 2436 Ἀτρεΐδας
1342 2383 1520 2425 vocavit.
1587 2383 1695 2425 Illud

214 2462 381 2505 quoque
410 2463 435 2490 a
464 2447 635 2490 Pindari
664 2455 753 2492 arte
783 2449 1017 2492 derivatum
1046 2451 1220 2503 videtur,
1252 2452 1361 2507 quod
1384 2451 1557 2494 Calchas
1582 2458 1695 2494 vates

211 2519 253 2560 in
286 2532 324 2560 v,
351 2519 430 2559 122
459 2517 666 2560 locutione
696 2517 833 2569 κεδνὸς
864 2518 1154 2573 στρατόμαντις
1183 2521 1456 2575 introductus,
1489 2523 1531 2563 in
1552 2537 1590 2564 v.
1615 2523 1695 2564 156

215 2588 379 2630 demum
421 2601 496 2628 suo
538 2587 702 2629 nomine
745 2592 933 2630 vocatur.
1005 2591 1205 2631 Attamen
1247 2604 1444 2632 numerus
1486 2592 1696 2647 repetitio-

212 2670 311 2698 num
341 2655 527 2697 eiusdem
553 2656 839 2711 appel-lationis
870 2657 999 2697 multo
1030 2659 1161 2698 maior
1198 2662 1272 2700 est.
1331 2659 1396 2699 Ita
1440 2660 1611 2714 legitur,
1652 2666 1697 2702 ut

215 2723 543 2766 luculentissima
573 2724 747 2765 afferam
777 2715 969 2780 exempla
1011 2750 1059 2754 —
1100 2738 1197 2767 nam
1231 2727 1329 2767 illae
1359 2727 1626 2781 repetitiones
1657 2728 1698 2769 in

215 2806 337 2833 versu
357 2791 606 2843 intercalari,
627 2806 748 2847 quem
764 2807 840 2834 nos
858 2793 982 2834 hodie
1006 2793 1226 2846 „Refrain“
1253 2794 1438 2847 dicimus,
1460 2801 1505 2835 ut
1521 2795 1697 2838 Eumen.

214 2862 256 2903 in
286 2876 325 2906 y,
358 2862 436 2901 331
471 2865 512 2902 et
542 2863 622 2902 345
655 2861 866 2921 Ἐρινύων,
899 2863 979 2904 huc
1009 2876 1093 2904 non
1125 2868 1337 2918 spectant,
1377 2877 1469 2904 cum
1509 2865 1696 2906 consulto

217 2929 425 2986 appetitae
456 2929 536 2970 sint
