2139 3299
970 267 1089 325 [263]
1727 271 1781 313 25

288 401 416 452 poeta
445 396 691 451 Agesidami
721 397 890 453 Victoris
920 396 1085 437 nomine
1116 397 1286 452 proprio
1319 396 1470 448 utitur,
1510 396 1579 438 sed
1612 397 1653 438 in
1685 411 1721 438 V.
1755 399 1780 438 ‘2

287 471 328 507 et
371 481 408 507 v.
452 468 505 508 99
551 466 731 508 eundem
778 480 858 521 ope
904 466 1126 508 locutionis
1169 481 1194 508 a
1237 466 1368 522 patris
1414 467 1580 509 nomine
1624 467 1780 522 petitae

286 533 583 590 Ἀρχεστράτου
628 536 748 576 παῖδα
793 534 904 577 dicit.
987 535 1134 577 Paullo
1183 535 1370 590 pluribus
1421 535 1586 576 victoris
1637 535 1777 590 appel-

284 603 507 645 lationibus
549 603 732 645 abundat
773 617 937 644 carmen
977 603 1241 658 Olympicum
1283 609 1473 653 sextum,
1524 604 1582 657 (v,
1627 606 1651 643 9
1694 605 1781 643 Σω-

290 672 464 724 στράτου
507 672 616 722 υἱός,
663 685 699 714 v.
744 672 793 712 12
837 670 1035 726 Ἀγησία,
1093 686 1130 714 v.
1175 673 1226 714 18
1268 671 1384 723 α’νιΐρί
1428 670 1564 723 κώμου
1609 670 1782 727 δεσπότᾳ

1297 746 1316 754 ω

291 741 549 799 Συρακοσίῳ,
598 755 635 782 v.
676 742 724 782 77
767 740 964 794 Ἀγησία,
1003 755 1036 783 V.
1068 740 1121 784 80
1167 736 1199 781 ὦ
1239 758 1307 781 πα(
1343 739 1610 793 Σωστράτου,
1655 753 1691 781 v.
1725 741 1777 781 98

288 809 498 862 Ἀγησία).
570 809 697 851 Cuius
738 809 843 849 odae
886 809 927 850 in
966 810 1047 850 fine
1090 810 1197 864 quod
1242 809 1448 850 Pindarus
1494 809 1556 850 bis
1601 809 1650 849 ad
1699 809 1778 849 vic-

286 878 388 919 toris
432 892 584 919 nomen
628 879 773 930 rediit,
825 891 907 918 non
957 883 1045 919 erat
1090 893 1162 919 cur
1207 877 1286 919 hoc
1332 879 1504 929 vitaret,
1557 892 1648 919 cum
1695 891 1778 918 non

287 945 419 988 solum
459 948 593 986 totum
636 949 841 1000 systema,
891 944 963 987 sed
1004 945 1128 986 etiam
1171 945 1479 987 circumlocutio
1521 944 1592 985 illa
1635 940 1667 984 ὦ
1707 948 1783 984 παῖ

291 1013 535 1065 Σωστράτου
565 1013 673 1053 inter
713 1017 931 1066 utramque
962 1008 1252 1066 repetitionem
1282 1013 1527 1054 intercedat.
1587 1012 1779 1052 Praecla-

285 1080 491 1122 rissimam
521 1086 664 1122 autem
693 1080 806 1121 illam
837 1081 875 1121 in
909 1094 945 1122 v,
972 1082 1023 1121 18
1052 1080 1321 1133 locutionem,
1354 1095 1428 1135 per
1451 1094 1575 1136 quam
1597 1080 1776 1134 Agesias

286 1150 590 1191 comissationis
631 1149 822 1191 dominus
864 1154 905 1190 et
945 1163 1114 1203 praeses
1153 1150 1394 1203 insignitur,
1437 1149 1644 1190 Pindarus
1682 1149 1777 1190 ideo

288 1218 551 1273 excogitasse
593 1217 780 1270 videtur,
823 1231 876 1259 ne
915 1217 955 1258 in
993 1217 1137 1259 eadem
1180 1231 1344 1273 semper
1383 1217 1551 1259 nomina
1592 1216 1778 1258 incidens

285 1287 468 1328 taedium
500 1287 765 1328 audientibus
797 1292 1000 1328 moveret.
1060 1287 1127 1328 Ita
1159 1288 1272 1328 enim
1303 1287 1355 1327 de
1396 1286 1601 1328 industria
1632 1299 1776 1326 omnes

288 1355 454 1397 victoris
485 1355 787 1410 appellationes
819 1355 1077 1410 disposuisse
1108 1355 1298 1407 videtur,
1335 1359 1381 1396 ut
1411 1354 1580 1396 nomina
1609 1354 1780 1409 propria

285 1423 483 1478 ampliore
514 1437 644 1479 usque
675 1424 884 1465 locutione
916 1424 1160 1479 interposita
1190 1423 1384 1465 variaret.

419 1492 508 1532 Iam
542 1492 593 1532 ad
626 1491 806 1547 Pythica
839 1492 1020 1533 carmina
1051 1492 1272 1533 transitum
1302 1491 1518 1533 faciamus.
1571 1491 1619 1531 In
1644 1492 1777 1545 prima

289 1560 370 1601 oda
400 1560 594 1603 Hieronis
626 1560 984 1616 Syracusanorum
1013 1561 1123 1615 regis
1145 1574 1297 1603 nomen
1319 1574 1403 1601 non
1425 1561 1560 1602 minus
1585 1561 1779 1602 sollerter

285 1643 529 1684 expressum
561 1629 811 1671 mirabimur.
872 1629 995 1677 Quod
1036 1643 1202 1671 carmen
1244 1643 1337 1670 cum
1380 1629 1432 1669 ad
1463 1629 1629 1670 Aetnae
1662 1629 1776 1670 urbis

285 1714 419 1754 nuper
450 1700 503 1741 ab
534 1699 722 1740 Hierone
754 1699 947 1741 conditae
985 1700 1133 1742 laudes
1172 1699 1473 1755 praedicandas
1505 1700 1775 1754 compositum

285 1771 409 1821 esset⁷
441 1771 488 1809 ut
516 1768 558 1810 in
589 1768 680 1823 ipsa
711 1782 877 1823 quoque
909 1768 1082 1810 victoria
1104 1768 1340 1810 Aetnaeum
1372 1782 1416 1809 se
1448 1768 1675 1809 renuntiari
1706 1767 1776 1808 ille

285 1837 482 1888 iusserat,
521 1838 735 1892 aptissime
769 1838 901 1879 Hiero
933 1839 973 1878 in
1009 1853 1045 1880 v.
1078 1840 1126 1879 31
1171 1836 1317 1887 κλεινᾶς
1348 1836 1523 1891 οἷκιστήρ
1555 1836 1706 1878 dicitur
1737 1841 1777 1877 et

285 1905 326 1946 in
357 1906 551 1960 proximo
584 1906 749 1947 demum
781 1920 902 1947 versu
935 1921 1009 1947 suo
1041 1907 1209 1948 nomine
1240 1906 1486 1961 appellatur.
1537 1905 1702 1946 Deinde
1734 1906 1776 1946 in

287 1988 323 2015 v.
357 1976 410 2014 42
442 1973 652 2015 Pindarus
685 1974 862 2015 eundem
894 1975 1134 2029 simpliciter
1165 1965 1263 2015 dicit
1293 1978 1418 2014 κεῖνον
1447 1971 1593 2027 ἄνδρα,
1625 1988 1775 2028 nempe

285 2042 335 2082 de
369 2056 452 2097 quo
484 2056 620 2083 sermo
652 2047 726 2095 est,
758 2046 800 2083 et
831 2056 982 2084 nomen
1014 2043 1102 2084 eius
1133 2043 1174 2083 in
1196 2054 1244 2084 ‘v.
1273 2043 1326 2083 56
1357 2041 1581 2096 repetitum
1611 2041 1776 2082 duobus

285 2110 474 2152 versibus
518 2111 774 2165 interpositis
822 2111 878 2151 ita
923 2112 1082 2164 variat,
1132 2116 1178 2151 ut
1224 2111 1499 2152 Deinomenis
1546 2111 1619 2151 filii
1664 2110 1776 2151 illius

285 2179 497 2219 mentione
528 2178 637 2220 facta
661 2178 887 2220 Hieronem
919 2179 1202 2234 appellatione
1233 2195 1402 2231 πατέρος
1423 2178 1639 2233 significet.
1687 2178 1777 2219 Iam

284 2251 507 2302 postquam
563 2248 605 2288 in
665 2263 702 2290 v,
754 2251 807 2290 62
869 2249 1007 2290 denuo
1067 2250 1119 2290 ad
1181 2250 1288 2303 regis
1348 2262 1501 2290 nomen
1563 2248 1777 2303 proprium

287 2314 424 2369 rediit⁷
455 2315 495 2356 in
527 2329 564 2357 v.
590 2318 642 2358 69
674 2317 789 2358 illum
820 2317 990 2372 insignit
1020 2317 1156 2359 verbis
1188 2315 1343 2371 ἁγητὴρ
1374 2315 1475 2371 ἀνήρ
1507 2316 1776 2371 similiterque

283 2384 323 2425 in
366 2399 406 2426 v.
455 2386 506 2426 73
557 2386 813 2438 Συρακοσίων
863 2385 990 2443 ἀρχῷ.
1065 2386 1154 2428 Nec
1207 2387 1343 2427 minus
1394 2386 1435 2426 in
1488 2400 1526 2427 V.
1572 2387 1623 2426 79
1668 2384 1776 2425 inest

286 2454 450 2507 signum
494 2453 714 2507 Hieronis,
758 2455 828 2495 ubi
875 2455 1091 2496 victoriam
1136 2454 1247 2509 apud
1292 2454 1509 2495 Himeram
1554 2467 1578 2494 a
1623 2452 1775 2494 Poenis

286 2526 543 2576 reportatam
587 2536 679 2563 cum
712 2523 937 2565 Salaminia
969 2528 1010 2565 et
1040 2524 1280 2565 Plataeensi
1322 2527 1536 2575 comparat
1565 2520 1775 2561 Pindarus

286 2594 327 2630 et
370 2595 543 2645 propter
594 2591 707 2631 illam
754 2605 798 2632 se
843 2592 1046 2633 παίδεσσιν
1092 2590 1350 2642 Δεινομένεος
1398 2589 1552 2645 hymno
1597 2589 1777 2644 gratiam

285 2658 457 2713 adipisci
487 2660 700 2713 gloriatur.
752 2659 860 2700 Nam
888 2661 995 2701 inter
1021 2660 1290 2701 Deinomenis
1315 2659 1435 2707 filios,
1467 2659 1537 2711 qui
1560 2657 1778 2711 Carthagi-

282 2727 450 2769 nienses
470 2726 707 2769 Himerensi
723 2728 880 2784 proelio
902 2728 1163 2781 devicerunt,
1178 2727 1244 2769 hic
1259 2726 1520 2782 potissimum
1542 2725 1776 2768 Hieronem

282 2796 516 2849 significari,
551 2811 646 2837 cum
677 2802 806 2839 totam
840 2812 913 2853 per
945 2798 1067 2838 odam
1095 2810 1247 2838 nomen
1274 2797 1363 2838 eius
1384 2795 1626 2848 illustretur,
1656 2795 1779 2836 facile

283 2869 346 2906 est
385 2866 437 2906 ad
477 2866 821 2920 intellegendum.
892 2866 1040 2921 Itaque
1083 2879 1136 2906 ne
1174 2866 1215 2906 in
1258 2864 1338 2905 hoc
1382 2864 1549 2919 quidem
1593 2865 1777 2905 carmine

288 2932 498 2976 Pindarus
531 2935 609 2976 nisi
641 2935 1008 2977 circumlocutione
1038 2934 1286 2990 interposita
1314 2933 1368 2975 ad
1398 2934 1579 2989 priorem
1610 2935 1779 2976 victoris
