2139 3299
366 254 420 296 28
1054 251 1174 307 [266]

365 379 708 435 locupletandum
759 379 1171 420 circumlocutionum
1220 383 1482 434 apparatum.
1561 378 1669 421 Nam
1722 382 1859 421 exstat

366 449 534 504 quidem
551 449 767 504 epitheton
781 446 1037 502 χρυσοκόμης
1054 448 1134 488 iam
1153 447 1264 502 apud
1284 447 1522 489 Hesiodum
1538 448 1577 489 in
1595 447 1865 503 Theogoniae

369 531 406 560 v.
427 520 524 571 947,
548 518 619 559 sed
639 517 691 557 de
707 517 894 570 Dionyso
912 515 1081 558 dictum.
1115 516 1279 557 Deinde
1298 517 1338 556 in
1357 531 1394 557 v.
1413 517 1467 557 49
1485 517 1691 570 Apollinis
1711 531 1862 558 nomen

367 592 495 642 poeta
516 588 576 629 ita
595 587 785 638 variavit,
808 590 853 626 ut
876 585 1160 640 appellatione
1185 587 1339 639 Φοίβου
1361 600 1414 627 ex
1436 585 1627 629 Homero
1650 578 1864 628 notissima

369 669 464 697 eum
505 655 744 710 insigniret,
791 667 865 694 nec
909 654 1045 694 minus
1087 652 1301 710 τοξοφόρος
1343 654 1413 695 ille
1454 653 1593 696 Δάλου
1632 652 1865 709 θεοδμήτας

372 724 531 775 σκοπός,
563 740 587 766 a
620 739 702 779 quo
735 728 780 764 ut
809 724 888 778 ipsi
920 725 1136 778 imperium
1170 723 1338 778 aliquod
1374 725 1482 765 inter
1512 725 1703 766 homines
1732 725 1863 776 daret,

370 793 512 835 Iamus
545 792 742 848 petivisse
780 792 820 833 in
853 805 974 833 versu
1015 793 1068 833 59
1111 796 1320 843 narratur,
1364 792 1518 847 Apollo
1558 793 1864 848 intellegendus

367 868 443 904 est.
491 862 658 903 Etenim
681 876 772 903 cum
793 862 899 902 Delo
927 862 1077 903 insula,
1101 866 1145 901 ut
1165 862 1206 902 in
1230 875 1312 915 qua
1338 875 1388 902 ex
1407 861 1572 903 Latone
1595 866 1704 904 esset
1724 867 1862 916 natus,

368 930 471 972 deus
501 930 719 972 artissimis
749 928 1060 985 quodammodo
1082 930 1257 970 vinculis
1280 934 1370 971 erat
1392 930 1650 984 coniunctus,
1685 945 1862 987 cumque

364 1000 415 1040 ab
448 998 745 1053 antiquissimis
778 998 1038 1052 temporibus
1069 998 1148 1038 illic
1190 1012 1351 1038 summa
1392 999 1601 1039 coleretur
1642 998 1858 1052 religione,

369 1067 486 1122 quasi
529 1071 667 1108 custos
713 1066 890 1108 insulam
937 1066 1253 1121 diligentissime
1299 1066 1410 1108 tueri
1455 1066 1695 1121 putabatur.
1765 1065 1861 1108 Huc

366 1136 541 1189 accedit,
565 1135 676 1191 quod
699 1136 741 1176 in
760 1150 799 1177 v,
819 1137 871 1176 62
894 1149 1063 1190 quoque
1088 1135 1294 1176 delitescit
1317 1136 1483 1189 signum
1499 1135 1719 1189 Apollinis.
1754 1134 1863 1176 Nam

364 1205 511 1258 πατρία
541 1202 665 1254 ὄσσα,
698 1218 805 1259 quae
837 1204 1004 1245 Iamum
1037 1204 1238 1245 honorem
1270 1210 1485 1258 petentem
1517 1203 1757 1260 Olympiam
1790 1204 1860 1245 ad-

367 1273 564 1326 ducebat,
597 1278 642 1313 ut
665 1273 778 1314 Iovis
809 1271 1004 1314 sacerdos
1035 1272 1091 1313 ibi
1123 1272 1256 1326 fieret,
1289 1276 1351 1314 est
1382 1286 1468 1313 vox
1487 1273 1616 1327 patris
1637 1272 1863 1328 Apollinis,

369 1342 435 1383 cui
466 1342 613 1383 Iamus
647 1357 700 1383 ex
732 1341 908 1383 Euadne
940 1347 1073 1382 matre
1105 1347 1194 1383 erat
1223 1347 1360 1384 natus.
1411 1342 1560 1397 Itaque
1583 1355 1676 1383 cum
1697 1341 1865 1397 triginta

365 1410 452 1450 fere
486 1425 683 1451 versuum
704 1412 837 1464 spatio
862 1425 935 1450 sex
960 1424 1128 1463 prorsus
1151 1410 1259 1450 inter
1280 1425 1325 1450 se
1347 1410 1535 1451 diversae
1557 1412 1861 1465 appellationes

363 1478 570 1532 Apollinis
602 1479 906 1531 contineantur,
938 1477 1119 1519 dubitari
1152 1479 1220 1518 vix
1254 1483 1408 1532 potest,
1439 1479 1538 1533 quin
1564 1479 1772 1521 Pindarus
1810 1479 1862 1521 de

366 1545 570 1586 industria
591 1546 697 1587 hanc
718 1547 977 1587 locutionum
999 1547 1248 1587 varietatem
1269 1546 1533 1601 appetiverit,
1565 1561 1617 1587 ne
1639 1547 1691 1587 ad
1714 1546 1858 1588 eadem

366 1615 535 1655 nomina
556 1614 833 1656 relaberetur.
880 1615 989 1655 Nam
1011 1619 1151 1669 potest
1171 1614 1338 1668 quidem
1361 1629 1460 1656 casu
1481 1616 1582 1665 fieri,
1613 1620 1659 1656 ut
1681 1616 1714 1657 si
1737 1629 1863 1670 quem

367 1683 534 1737 saepius
590 1684 825 1738 significare
881 1684 1079 1733 velimus,
1134 1684 1260 1723 semel
1313 1684 1517 1724 iterumve
1567 1698 1719 1725 nomen
1775 1685 1863 1725 eius

362 1753 581 1803 variemus,
604 1752 677 1793 sed
703 1753 744 1793 in
766 1767 850 1794 uno
873 1752 1055 1793 carmine
1076 1757 1232 1792 temere
1251 1765 1504 1807 quemquam
1520 1753 1659 1794 sexies
1678 1752 1862 1805 diversis,

362 1832 469 1874 quae
499 1821 747 1875 praesertim
779 1821 915 1861 minus
948 1821 1031 1861 sint
1063 1821 1253 1873 usitatae,
1287 1821 1640 1875 appellationibus
1671 1822 1859 1876 insigniri

361 1888 557 1943 equidem
590 1889 845 1942 persuadere
878 1889 978 1929 mihi
1009 1903 1092 1929 non
1125 1902 1307 1943 possum.

497 1957 608 1999 Item
637 1959 678 1999 in
712 1958 895 1998 carmine
927 1957 1149 2012 Olympico
1183 1961 1345 2010 octavo,
1376 1957 1449 1998 ubi
1479 1958 1630 2009 legitur
1660 1959 1701 1999 in
1734 1971 1767 1999 v,
1803 1960 1852 1999 31

361 2028 452 2071 παῖς
484 2022 504 2063 ὁ
536 2028 716 2074 Ἀ1ατοῦς,
743 2027 784 2065 in
817 2039 853 2066 V.
888 2029 937 2066 41
976 2023 1205 2074 'Avonam
1237 2026 1278 2065 in
1308 2039 1346 2067 V.
1379 2027 1431 2066 46
1464 2024 1574 2074 θεός,
1609 2040 1861 2080 quamquam

366 2092 501 2133 minus
532 2107 659 2148 saepe
691 2094 899 2148 Apollinis
932 2094 1086 2136 mentio
1116 2093 1227 2135 facta
1259 2099 1334 2147 est,
1366 2098 1506 2135 tamen
1537 2100 1706 2148 poetam
1740 2093 1859 2134 huius

371 2159 436 2200 dei
478 2174 631 2201 nomen
677 2163 839 2203 variare
880 2163 1060 2202 voluisse
1108 2168 1435 2204 consentaneum
1481 2169 1558 2203 est.
1630 2161 1777 2216 Neque
1819 2163 1859 2202 in

367 2228 549 2269 carmine
571 2228 746 2284 Pythico
776 2231 908 2285 primo
929 2231 1136 2272 Pindarus
1159 2230 1398 2285 Apollinem
1431 2231 1492 2271 bis
1527 2230 1675 2272 eodem
1697 2229 1860 2271 nomine

354 2287 619 2350 introduxit,
660 2298 732 2338 sed
772 2300 814 2339 in
852 2315 891 2340 v.
938 2304 952 2340 1
1000 2299 1129 2340 habes
1173 2298 1454 2349 Ἀπόλλωνος,
1497 2313 1534 2341 v,
1582 2301 1629 2338 1‘2
1662 2299 1861 2347 Λατοίδα,

361 2380 398 2409 v.
431 2368 485 2408 39
518 2365 646 2408 Λύκιε
678 2369 742 2408 καὶ
775 2367 914 2409 Δάλοι’
945 2367 1131 2410 ἀνάσσων
1163 2370 1301 2421 Φοῖβε.
1364 2368 1498 2409 Multo
1530 2372 1670 2409 autem
1702 2368 1859 2408 maiore

361 2437 482 2491 copia
514 2436 769 2478 locutionum
803 2437 854 2477 ad
889 2438 1123 2492 Apollinem
1156 2438 1432 2493 spectantium
1469 2437 1657 2478 abundat
1690 2451 1858 2478 carmen

358 2505 584 2561 Pythicum
618 2506 803 2559 tertium,
835 2506 909 2547 ubi
941 2520 1075 2559 poena
1099 2520 1123 2547 a
1146 2506 1358 2548 Coronide
1378 2512 1551 2562 propter
1572 2505 1859 2547 infidelitatem

362 2577 403 2613 et
434 2574 687 2615 adulterium
721 2588 797 2629 per
825 2575 1066 2629 Apollinem
1097 2575 1272 2629 repetita
1306 2579 1535 2616 enarratur.
1597 2573 1723 2614 Cuius
1755 2574 1861 2615 odae

357 2642 398 2682 in
431 2656 468 2683 v,
501 2644 552 2683 14
584 2642 794 2698 Apollinis
828 2658 997 2697 nomen,
1029 2644 1136 2699 quod
1169 2644 1305 2699 ipsum
1335 2645 1377 2684 in
1409 2658 1444 2684 V.
1471 2645 1518 2684 11
1554 2644 1860 2698 pronuntiatur,

357 2712 416 2750 ita
449 2712 653 2752 variatum
688 2716 762 2761 est,
796 2717 840 2752 ut
871 2713 1159 2767 appellatione
1190 2713 1328 2752 denuo
1361 2727 1384 2752 a
1418 2712 1597 2752 crinibus
1629 2714 1761 2766 petita
1791 2712 1860 2752 ille

359 2779 522 2820 dicatur
561 2778 819 2832 ἀκειρεκόμας
853 2783 1024 2834 Φοῖβος,
1064 2795 1201 2836 neque
1238 2781 1374 2822 minus
1415 2781 1456 2821 in
1497 2796 1535 2820 v.
1573 2782 1619 2821 15
1659 2779 1758 2830 θεός
1799 2785 1861 2820 est

363 2848 529 2902 signum
571 2849 791 2903 Apollinis.
863 2849 953 2889 Iam
997 2863 1097 2891 vero
1143 2850 1185 2890 in
1226 2863 1261 2889 V.
1306 2850 1358 2890 27
1404 2849 1610 2890 Pindarus
1652 2849 1860 2903 Apollinis

359 2931 511 2958 nomen
547 2917 607 2959 bis
639 2931 712 2972 per
736 2918 936 2973 ambages
957 2918 1151 2972 reddidit,
1183 2932 1277 2960 cum
1306 2932 1386 2960 non
1408 2917 1540 2960 solum
1563 2918 1660 2959 ναοῦ
1679 2917 1862 2972 βασιλεύς
