2139 3299
971 283 1090 340 [283]
1718 286 1772 328 45

285 412 352 455 Sic
381 412 423 454 in
461 411 652 454 carminis
681 411 870 454 Isthmici
908 411 1041 467 quarti
1076 425 1112 454 v,
1156 413 1314 454 10—11
1361 411 1567 455 Pindarus
1606 412 1769 455 duabus

285 486 448 524 tantum
476 481 602 522 rebus
632 485 801 535 praeter
831 480 994 522 divitias
1024 494 1226 522 summam
1253 482 1374 522 nobis
1395 481 1506 523 vitae
1526 481 1769 523 felicitatem

283 549 426 592 afferri
455 549 585 602 canit,
627 549 756 603 siquis
786 549 909 590 rebus
939 549 1152 604 praeclare
1182 549 1310 604 gestis
1340 547 1452 602 λόγον
1481 547 1599 590 ἐσλόν
1628 547 1767 606 ἀκούῃ.

283 618 369 660 Ubi
399 632 492 660 cum
523 615 641 671 λόγον
670 615 784 659 ἐσλὸν
814 616 972 659 ἀκούειν
1001 618 1276 660 substitutum
1315 617 1507 659 videatur
1544 632 1620 673 pro
1662 615 1768 674 λόγῳ

283 685 394 736 ἐσλὸς
423 687 510 728 sive
547 682 591 727 εὖ
626 684 802 737 ἀκούειν,
845 684 960 740 λόγος
999 691 1062 728 est
1098 687 1233 743 ipsum
1274 700 1438 728 carmen
1475 690 1647 741 poetae,
1687 700 1769 741 quo

284 755 482 799 celebrati
503 754 670 797 victoris
691 754 824 810 gloria
843 754 895 797 ad
916 756 1160 798 memoriam
1178 756 1551 811 posteritatemque
1566 753 1768 811 proditur.

284 825 449 866 Deinde
481 825 532 866 ad
554 824 836 866 Aeacidarum
855 825 1024 867 laudem
1046 827 1253 868 transiens
1273 839 1502 881 numquam
1532 839 1576 867 se
1597 812 1685 866 sinc
1706 823 1768 865 his

283 893 382 935 viris
412 893 587 947 hymnos
626 893 832 948 attingere
863 892 1021 948 (ὕμνων
1050 892 1262 947 γεύεσθαι)
1292 894 1334 936 in
1377 907 1414 934 v,
1452 895 1500 935 18
1539 893 1766 948 praedicat.

282 961 332 1002 In
362 975 401 1003 v,
433 963 486 1002 22
529 966 668 1002 autem
710 975 877 1002 carmen
917 976 1027 1003 nova
1069 962 1341 1015 insigniturus
1377 962 1657 1016 appellatione
1696 961 1767 1002 ad-

284 1030 493 1082 hortatur,
533 1034 580 1070 ut
620 1029 811 1083 Aeginae
851 1043 1017 1084 quoque
1058 1030 1312 1084 praedicatio
1356 1030 1606 1072 conveniens
1650 1028 1769 1086 ἀοιδᾷ

281 1098 517 1138 misceatur.
577 1096 667 1137 Iam
707 1101 929 1151 postquam
969 1098 1010 1138 in
1049 1111 1088 1138 v.
1120 1100 1195 1150 24,
1236 1099 1309 1138 ubi
1347 1097 1628 1143 etiamwfortes
1658 1098 1766 1137 inter

280 1165 430 1207 heroas
475 1165 699 1207 bellatores
745 1165 951 1220 poeticam
1000 1164 1168 1208 laudem
1215 1169 1460 1207 consecutos
1514 1179 1604 1207 esse
1652 1164 1763 1219 dicit,

280 1233 453 1275 verbum
485 1231 604 1285 λόγον
633 1234 842 1288 repetivit,
872 1234 915 1274 in
945 1249 985 1275 v.
1016 1236 1070 1275 48
1106 1248 1274 1275 carmen
1314 1247 1433 1274 suum
1474 1233 1612 1275 denuo
1642 1234 1764 1275 laude

281 1305 502 1344 ornaturus
544 1302 656 1356 ipsas
695 1302 888 1344 victorias
931 1302 1134 1345 mellitum
1175 1302 1395 1343 καλλίνικον
1430 1299 1571 1356 χα’ρμα
1613 1315 1764 1357 cupere

279 1371 494 1426 gloriatur.
560 1370 725 1412 Scilicet
768 1372 987 1412 καλλίνικον
1029 1370 1173 1425 χάρμα
1223 1376 1286 1412 est
1335 1371 1511 1426 hymnus
1559 1370 1763 1412 iucundus

279 1443 405 1494 atque
434 1439 651 1480 victoriam
682 1438 896 1481 decorans.
946 1439 1162 1481 Postremo
1192 1439 1233 1480 in
1257 1453 1297 1480 V.
1321 1440 1372 1480 57
1405 1443 1530 1493 poeta
1551 1438 1602 1480 ad
1624 1439 1764 1493 appel-

279 1507 477 1549 lationem
507 1504 630 1559 ὕμνος
660 1506 894 1548 revertitur.
944 1507 1094 1562 Itaque
1126 1519 1305 1560 carmen,
1338 1520 1420 1562 quo
1451 1506 1622 1548 victoria
1652 1507 1762 1548 cele-

279 1576 443 1628 bratur,
487 1579 684 1629 quattuor
722 1576 894 1617 diversis
937 1576 1148 1616 vocabulis
1189 1575 1423 1628 insignivit:
1468 1589 1508 1617 V.
1541 1578 1588 1615 11
1633 1574 1762 1627 λόγον,

278 1658 318 1686 V.
353 1644 403 1685 18
432 1642 573 1696 ὕμνον,
602 1658 642 1687 v.
675 1645 729 1686 22
759 1642 906 1697 ἀοιδάν,
936 1657 975 1686 v.
1005 1645 1060 1685 48
1090 1643 1309 1686 καλλίνικον
1334 1642 1488 1698 χάρμα.
1539 1644 1763 1685 Praeterea

277 1713 320 1753 in
361 1713 551 1753 carminis
595 1713 804 1768 Olympici
848 1714 968 1768 primi
1009 1727 1046 1754 V.
1092 1715 1171 1754 102
1217 1713 1502 1754 coronandum
1546 1712 1624 1753 sibi
1670 1726 1760 1754 esse

277 1780 509 1823 Hieronem
553 1782 735 1837 equestri
780 1781 905 1823 modo
954 1781 1137 1834 Αἰοληΐδι
1180 1785 1315 1840 μολπᾷ
1357 1782 1487 1833 canit3
1534 1794 1760 1836 numquam

279 1850 386 1891 enim
417 1848 508 1889 fore
542 1848 658 1890 addit
695 1849 736 1890 in
767 1864 806 1891 v.
841 1850 933 1902 105,
975 1854 1022 1890 ut
1063 1849 1285 1904 hospitem.
1312 1848 1580 1890 honestarum
1620 1862 1759 1890 rerum

277 1917 516 1972 peritiorem
546 1922 587 1959 et
616 1918 805 1973 potentia
834 1918 1180 1973 praestantiorem
1216 1920 1393 1958 κλυταῖσι
1422 1915 1559 1969 ὕμνων
1588 1921 1761 1971 πτυχαῖς

277 1985 446 2036 (inclitis
487 1985 735 2041 hymnorum
777 1985 977 2039 flexibus)
1022 1989 1210 2028 exornet.
1270 1985 1357 2026 Iam
1397 1986 1437 2026 in
1474 2000 1514 2027 v.
1549 1987 1628 2027 110
1671 1984 1761 2035 ὁδός

276 2052 418 2107 λόγων,
460 2068 587 2109 quam
627 2068 738 2095 nova
780 2059 822 2095 et
863 2055 996 2096 curuli
1036 2054 1207 2096 victoria
1246 2055 1299 2095 ab
1329 2054 1514 2095 Hierone
1553 2059 1675 2109 parta
1715 2069 1760 2096 se

275 2127 539 2178 reperturum
569 2136 661 2164 esse
691 2126 851 2177 sperat,
894 2122 1068 2164 materia
1109 2123 1206 2166 novi
1246 2123 1435 2173 carminis
1476 2122 1760 2178 intellegenda

276 2195 351 2244 est,
373 2205 499 2247 quam
518 2191 622 2233 haec
642 2192 732 2246 ipsa
748 2191 922 2233 victoria
944 2192 982 2233 ei
1003 2192 1242 2245 praebitura
1264 2194 1364 2233 erat.
1396 2190 1536 2246 Atque
1557 2191 1600 2232 in
1616 2205 1657 2234 v.
1678 2193 1757 2232 112

275 2264 405 2315 poeta
448 2273 612 2302 carmen
655 2275 773 2302 suum
809 2274 905 2301 cum
943 2261 1027 2302 telo
1069 2264 1302 2315 comparat,
1343 2273 1434 2302 cum
1473 2259 1639 2302 Musam
1679 2259 1759 2302 sibi

275 2327 574 2383 καρτερώτατον
614 2327 729 2381 βέλος
769 2330 881 2370 alere
921 2329 1143 2385 praedicet.
1217 2328 1298 2370 Hic
1339 2329 1467 2383 igitur
1508 2343 1673 2371 carmen
1716 2330 1757 2370 in

274 2412 314 2440 v.
349 2398 427 2439 102
456 2396 605 2448 μολπά,
638 2413 674 2441 v.
709 2399 788 2442 105
818 2396 954 2449 ὕμνος,
984 2413 1023 2441 v.
1053 2399 1134 2440 110
1164 2396 1283 2451 λόγοι,
1313 2411 1349 2438 V.
1376 2399 1454 2439 112
1484 2395 1599 2451 βέλος
1628 2399 1757 2441 nomi-

275 2471 420 2509 natum
450 2471 524 2510 est.

408 2536 486 2577 Illa
517 2540 656 2578 autem
687 2538 879 2579 carminis
908 2551 1000 2579 cum
1030 2538 1115 2580 telo
1148 2536 1414 2591 comparatio,
1447 2551 1555 2592 quae
1585 2551 1610 2578 a
1629 2537 1758 2579 facili-

274 2608 359 2647 tate
390 2605 700 2659 celeritateque,
731 2619 910 2661 quacum
951 2610 1075 2661 poeta
1115 2610 1162 2646 ut
1202 2605 1396 2659 sagittam
1439 2605 1493 2646 ab
1534 2620 1657 2659 arcu,
1699 2607 1758 2647 ita

273 2687 422 2729 poema
452 2688 505 2715 ex
535 2677 674 2716 mente
710 2689 786 2716 sua
827 2674 880 2716 ad
924 2678 1078 2716 certam
1121 2673 1326 2729 quandam
1367 2679 1524 2716 metam
1566 2675 1757 2716 emittere

272 2745 422 2797 potest,
452 2743 631 2797 repetita
660 2743 835 2796 videtur,
865 2744 906 2785 in
937 2743 1115 2785 carmine
1138 2743 1360 2798 Olympico
1382 2756 1493 2785 nono
1518 2743 1758 2799 diligentius

271 2810 477 2852 illustrata
505 2815 581 2854 est.
641 2811 811 2854 Etenim
841 2826 934 2853 cum
964 2809 1011 2852 τὸ
1041 2810 1283 2866 Ἀρχιλόχου
1302 2811 1422 2864 μέλος
1447 2813 1502 2865 (v,
1527 2812 1572 2868 1)
1594 2813 1757 2855 nonnisi

273 2884 375 2932 tum,
400 2894 493 2922 cum
513 2880 645 2923 victor
666 2880 887 2937 Olympiae
907 2880 1239 2923 comissationem
1262 2881 1499 2936 celebravit,
1531 2881 1755 2936 suffecerit,

273 2963 384 2992 nunc
413 2963 511 2993 vero
541 2950 742 3007 ampliore
771 2950 897 2993 laude
926 2950 1074 2993 victori
1104 2964 1209 3008 opus
1247 2950 1323 3005 sit,
1364 2951 1405 2992 in
1444 2966 1482 2993 v.
1515 2955 1540 2996 5
1570 2956 1612 2994 et
1640 2965 1753 3009 seqq.
