2139 3299
979 271 1097 329 [259]
1730 275 1778 319 21

295 408 355 456 (v.
388 406 461 456 14)
494 402 622 444 habes
653 401 693 442 in
725 415 762 443 v.
795 402 850 443 20
882 404 1053 453 Λοκρῶν
1081 399 1219 454 ματέρ’
1251 400 1549 457 ἀγλαόδενδρον,
1589 404 1628 444 in
1662 417 1695 444 v.
1731 406 1780 446 21

295 474 416 530 φίλαν
444 470 565 518 πόλιν,
596 471 638 511 in
669 484 709 512 v.
740 470 908 511 41—-42
939 471 1246 523 Πρωτογενείας
1275 469 1399 521 ἄστει,
1434 472 1475 512 in
1508 485 1545 512 v.
1577 473 1630 512 66
1662 471 1783 513 πόλιν.

295 542 454 589 Quibus
494 539 632 580 verbis
673 538 865 579 omnibus
907 537 1082 578 eandem
1123 538 1334 593 Opuntem
1378 540 1523 580 urbem
1563 541 1785 594 significari

295 608 478 651 carmine
510 607 696 660 inspecto
727 606 851 647 facile
882 605 1152 659 intellegitur,
1186 621 1312 648 unum
1345 608 1377 648 si
1400 607 1603 658 addimus,
1633 608 1784 649 Proto-

295 676 463 733 geniam
494 675 574 716 hoc
615 675 708 716 loco
740 674 1011 716 Deucalionis
1052 679 1093 717 et
1122 674 1314 731 Pyrrhae
1354 676 1479 716 filiam
1520 690 1631 728 esse,
1675 690 1783 731 quae

292 759 387 787 cum
425 744 668 799 parentibus
700 743 869 798 Opunte
911 743 1126 785 habitabat
1165 749 1207 785 et
1249 744 1415 798 generis
1457 757 1600 798 regum
1642 744 1785 799 Opun-

292 814 447 855 tiorum
478 817 620 853 auctor
650 811 762 852 facta
793 815 867 853 est.

427 880 517 922 Nec
561 881 696 921 minus
745 880 1001 921 sollemniter
1045 880 1087 921 in
1133 880 1315 921 carmine
1358 879 1573 922 Nemeaeo
1622 880 1782 921 decimo

291 950 547 1005 Argivorum
577 948 690 989 urbis
721 949 879 990 mentio
911 949 971 991 fit.
1021 949 1130 990 Nam
1163 948 1310 990 urbem
1339 949 1379 989 in
1409 962 1446 991 v,
1470 951 1507 1000 2,
1537 955 1584 990 ut
1605 949 1644 1002 in
1666 949 1782 990 initio

290 1020 376 1060 fere
414 1018 538 1069 solet,
581 1017 747 1057 nomine
788 1017 957 1071 proprio
999 1017 1282 1059 introductam
1325 1022 1536 1073 nuncupat
1574 1018 1783 1058 Pindarus

290 1088 331 1128 in
376 1102 415 1129 v.
466 1087 516 1127 19
573 1084 758 1137 Ἀργεῖον
803 1083 966 1137 τέμενος
1017 1086 1230 1140 eleganter
1283 1085 1522 1140 significans
1575 1085 1782 1137 ARGOS,

291 1169 371 1210 qua
413 1155 454 1194 in
497 1154 599 1194 urbe
632 1152 749 1194 Hera
779 1167 939 1194 summa
969 1154 1169 1208 religione
1210 1154 1447 1206 colebatur,
1490 1153 1597 1196 lovis
1637 1156 1781 1196 uxoris

293 1229 507 1277 tamquam
549 1222 720 1263 domum
762 1235 866 1263 esse.
936 1221 1064 1263 Cuius
1106 1222 1211 1263 deae
1250 1236 1302 1263 ex
1341 1223 1647 1264 necessitudine
1688 1237 1782 1264 cum

290 1291 457 1345 Argivis
488 1290 772 1331 intercedente
803 1303 853 1330 ea
883 1303 1047 1345 quoque
1079 1290 1205 1331 ducta
1236 1294 1299 1330 est
1341 1291 1589 1344 appellatio,
1629 1304 1711 1345 qua
1740 1292 1781 1332 in

290 1375 329 1401 v.
365 1361 420 1400 36
450 1363 577 1413 poeta
608 1359 748 1412 Argos
780 1359 972 1412 insignit,
1015 1372 1106 1399 cum
1126 1357 1256 1410 ‘H9a;
1287 1356 1353 1398 τόν
1384 1357 1553 1410 εὐάνορα
1584 1359 1679 1399 λαόν
1709 1358 1782 1412 (ad

290 1427 459 1469 Iunonis
490 1426 640 1468 fortem
671 1425 895 1480 populum)
927 1426 1045 1467 oleae
1067 1426 1264 1479 fructum,
1293 1439 1415 1481 quem
1437 1426 1568 1467 victor
1589 1425 1782 1468 Theaeus

289 1497 466 1537 Athenis
497 1495 726 1550 praemium
758 1494 921 1535 virtutis
958 1494 1132 1549 adeptus
1175 1499 1284 1546 erat,
1327 1495 1367 1535 in
1410 1501 1522 1535 terra
1564 1495 1649 1549 igni
1689 1501 1782 1536 usta

289 1569 560 1620 apportatum
584 1577 674 1605 esse
695 1562 923 1618 praedicat.
965 1563 1130 1605 Deinde
1147 1567 1367 1618 postquam
1386 1563 1427 1604 in
1444 1578 1482 1605 v.
1500 1566 1553 1604 40
1569 1562 1780 1618 Argorum

289 1647 441 1675 nomen
462 1633 670 1687 repetivit,
702 1633 741 1672 in
765 1645 801 1672 V.
825 1634 873 1672 41
900 1632 1040 1672 denuo
1064 1633 1234 1673 victoris
1254 1647 1388 1686 genus
1409 1632 1533 1673 laude
1553 1632 1781 1674 affecturus

288 1702 517 1744 exclamat:
558 1700 738 1743 victoriis
782 1700 891 1741 enim
927 1703 1030 1756 quot
1063 1702 1246 1754 Προίτοιο
1289 1699 1373 1741 τόδ’
1403 1699 1650 1756 ἱπποτρόφον
1679 1699 1782 1742 ἄστυ

289 1770 453 1811 floruit!
510 1770 694 1810 Proetus
736 1769 847 1809 enim
878 1783 970 1810 cum
1001 1769 1090 1810 aliis
1123 1769 1291 1823 quidem
1323 1769 1473 1810 fabulis
1505 1768 1710 1823 Tirynthe
1740 1771 1779 1810 in

289 1838 407 1891 urbe,
437 1838 527 1880 aliis
548 1837 674 1893 Argis
704 1851 902 1892 regnasse
934 1837 1140 1890 tradatur,
1172 1851 1350 1892 cumque
1381 1841 1491 1879 certe
1514 1837 1671 1892 posteri
1693 1838 1781 1878 eius

290 1907 360 1947 diu
394 1908 516 1948 huius
549 1908 663 1947 urbis
695 1908 913 1961 imperium
946 1911 1156 1959 tenerent,
1188 1920 1271 1947 non
1302 1908 1436 1961 potuit
1467 1907 1606 1960 Argos
1646 1908 1781 1961 aptius

288 1976 426 2018 ornari
457 1989 580 2031 quam
615 1982 845 2017 memorata
875 1975 1012 2030 prisca
1041 1975 1112 2015 illa
1143 1974 1272 2030 stirpe
1302 1974 1428 2029 regia.

421 2045 533 2086 Item
562 2044 603 2085 in
638 2044 813 2085 carmine
838 2044 1057 2098 Olympico
1090 2044 1223 2084 altero
1252 2043 1294 2083 in
1315 2043 1551 2084 Theronem
1574 2043 1782 2097 Agrigen-

286 2114 465 2154 tinorum
506 2126 647 2167 regem
690 2112 858 2154 condito
899 2114 1076 2167 patriam
1118 2112 1284 2153 victoris
1327 2113 1471 2153 urbem
1517 2111 1643 2153 modo
1686 2127 1725 2153 v.
1759 2113 1783 2152 6

286 2178 576 2233 Ἀκράγαντος,
620 2181 744 2220 modo
787 2195 824 2222 v.
862 2182 885 2220 9
929 2179 1034 2232 ἱερὸν
1073 2179 1221 2234 οἴκημα
1256 2181 1464 2230 ποταμοῦ,
1504 2180 1629 2221 modo
1661 2194 1699 2222 v.
1735 2184 1783 2220 14

285 2246 461 2302 ἄρουραν
491 2249 673 2302 πατρίαν,
714 2249 837 2291 modo
869 2263 906 2291 V.
939 2250 987 2289 91
1035 2247 1295 2301 Ἀκράγαντι,
1338 2248 1460 2291 modo
1501 2262 1539 2291 v.
1581 2251 1632 2290 93
1675 2246 1784 2289 πόλιν

287 2316 392 2357 dixit
442 2316 662 2358 Pindarus.
746 2317 916 2358 Sacrum
968 2324 1108 2359 autem
1160 2318 1275 2358 fluvii
1328 2318 1580 2359 domicilium
1635 2317 1785 2357 dicitur

286 2385 556 2426 AORAGAS
588 2387 625 2426 in
652 2400 689 2428 V.
715 2389 752 2439 9,
784 2388 882 2441 quia
912 2386 1010 2427 urbs
1042 2391 1149 2428 teste
1171 2386 1261 2444 ipso
1285 2392 1413 2441 poeta
1435 2387 1476 2427 in
1501 2386 1625 2440 Pyth.
1648 2385 1737 2426 XII
1760 2386 1778 2425 1

290 2456 329 2493 et
359 2466 496 2508 seqq.,
539 2453 609 2494 ubi
641 2467 732 2495 eam
764 2455 1012 2509 alloquitur:
1055 2454 1243 2494 καλλίστα
1272 2458 1442 2506 βροτεᾶν
1471 2454 1619 2493 πολίων
1650 2485 1658 2493 .
1690 2485 1699 2493 .
1731 2485 1739 2493 .
1771 2486 1783 2502 ,

282 2518 309 2570 ἅ
351 2520 385 2560 τ’
427 2518 573 2574 ὄχθαις
619 2520 680 2562 ἔπι
724 2521 953 2575 μηλοβότου
999 2523 1116 2571 ναίεις
1164 2521 1466 2574 )Ακρα’γαντος,
1512 2522 1562 2561 ad
1611 2521 1784 2562 fluvium

288 2587 435 2631 eodem
466 2590 633 2632 nomine
662 2590 866 2645 insignem
896 2590 977 2632 sita
1006 2594 1107 2633 erat.

424 2657 654 2700 Praeterea
685 2661 726 2700 in
756 2660 938 2701 carmine
968 2659 1188 2714 Olympico
1221 2660 1387 2713 quinto,
1422 2660 1464 2699 in
1497 2672 1579 2713 quo
1613 2660 1784 2700 victoris

287 2722 596 2769 OAMARINA
628 2743 682 2770 ex
713 2729 816 2771 urbe
847 2727 1011 2770 oriundi
1041 2727 1186 2769 laudes
1217 2727 1380 2780 insunt,
1419 2727 1573 2781 legitur
1613 2727 1654 2767 in
1688 2740 1725 2768 v,
1759 2729 1783 2768 2

286 2791 473 2834 Ὠκεανοῦ
504 2794 701 2850 θύγατερ,
732 2811 767 2836 v.
791 2799 816 2838 4
837 2795 911 2837 τοῖν
937 2795 1010 2838 σοῖν
1033 2795 1161 2846 πόλιν,
1185 2794 1422 2853 Καμάρινα,-
1438 2810 1476 2836 v.
1498 2795 1525 2837 8
1547 2794 1620 2836 τάν
1640 2794 1786 2836 νέοικον

284 2860 411 2913 ἕδραν,
435 2876 472 2903 v.
491 2864 544 2904 20
566 2863 678 2906 πόλιν
706 2865 839 2906 τάνδε.
888 2864 1065 2906 Duabus
1086 2864 1256 2919 quidem
1279 2864 1419 2917 primis
1437 2864 1787 2920 appellationibus

285 2933 413 2983 poeta
447 2931 677 2984 nympham
709 2931 978 2987 Oamarinam
1013 2930 1177 2983 affatur,
1210 2931 1282 2971 sed
1315 2944 1390 2984 pro
1413 2929 1548 2970 lubitu
1570 2929 1691 2970 deam
1711 2944 1786 2985 pro

1609 2995 1652 3031 2*
