2139 3299
348 245 373 285 8
492 213 494 215 ’
1038 241 1154 295 [246]

350 366 529 417 Πέλοπος
560 365 718 408 ἀποικία
748 380 832 408 non
864 367 1183 422 Peloponnesus
1219 373 1305 420 est,
1348 367 1421 410 sed
1457 368 1606 421 Elidis,
1647 369 1687 409 in
1718 381 1840 422 quam

346 436 501 491 Pelops
533 436 775 488 devenerat,
805 436 905 477 urbs
926 436 1024 477 Pisa
1047 435 1266 492 Olympiae
1298 436 1448 490 vicina,
1481 451 1574 478 cum
1596 436 1840 491 praesertim

348 503 590 546 Oenomaus
622 504 790 558 Pelopis
831 518 951 545 socer
994 505 1036 544 in
1079 519 1117 545 v.
1151 506 1204 545 70
1241 504 1474 559 appelletur
1508 504 1686 553 ΙΙισάτας
1726 508 1844 559 pater

347 570 454 625 (scil.
484 571 833 627 Hippodamiae).
893 572 1043 627 Itaque
1083 573 1122 613 in
1165 587 1247 614 uno
1293 572 1525 628 eodemque
1556 577 1787 629 systemate
1817 585 1842 612 a

347 655 469 682 versu
500 642 678 694 septimo
712 654 844 694 usque
875 641 927 682 ad
950 641 1196 694 vigesimum
1230 645 1421 695 quartum
1447 648 1589 695 poeta,
1620 645 1842 696 postquam

347 710 465 751 initio
488 709 740 764 Olympiam,
771 709 841 749 ubi
864 709 994 749 Hiero
1018 709 1231 749 victoriam
1262 709 1447 750 curulem
1470 716 1719 751 consecutus
1741 714 1843 758 erat,

346 778 516 819 nomine
562 778 729 831 proprio
775 777 1054 831 nuncupavit,
1104 781 1166 818 ter
1216 778 1397 831 regionis
1449 786 1604 819 nomen
1653 779 1840 820 sollerter

345 846 548 897 variavit,
610 859 660 886 nc
721 858 885 898 semper
948 845 1122 885 eandem
1193 846 1524 900 appellationem
1583 849 1841 900 recoqueret.

347 913 435 953 Iam
469 928 591 965 vero,
633 914 667 954 si
709 913 760 953 ad
803 913 926 955 finem
967 913 1159 954 carminis
1190 914 1541 956 considerandum
1573 913 1841 956 transibimus

347 1004 397 1008 -—
441 995 535 1022 nam
578 981 618 1022 in
661 982 779 1022 initio
825 981 914 1023 fere
959 986 998 1023 et
1041 983 1121 1023 fine
1167 983 1437 1036 epiniciorum
1482 997 1557 1024 eae
1601 997 1690 1034 res,
1734 995 1839 1036 quae

344 1048 396 1090 ad
429 1055 586 1101 certas,
627 1064 798 1104 quarum
839 1050 879 1091 in
920 1050 1122 1091 honorem
1155 1052 1387 1105 composita
1418 1056 1536 1104 sunt,
1578 1050 1838 1091 victoriarum

344 1118 587 1159 occasiones
616 1123 826 1172 spectant,
859 1125 1128 1172 exponuntur
1164 1143 1210 1148 ——-
1244 1120 1284 1159 in
1319 1135 1357 1160 v.
1390 1122 1463 1172 92,
1498 1120 1565 1160 ubi
1598 1120 1648 1159 de
1680 1118 1841 1170 Pelope

345 1185 489 1226 divino
531 1190 627 1240 post
663 1192 842 1227 mortem
883 1186 1040 1228 honore
1074 1186 1295 1241 Olympiae
1337 1189 1447 1229 culto
1479 1188 1633 1242 agitur,
1664 1186 1842 1240 legimus

348 1252 548 1308 7,Ἀλφεοῦ
587 1252 700 1312 πόρῳ
732 1254 923 1304 menig&
984 1255 1065 1296 Hic
1107 1255 1276 1309 quidem
1316 1260 1441 1311 poeta
1475 1270 1557 1298 non
1591 1255 1747 1298 veritus
1780 1256 1842 1293 est

346 1322 494 1363 eadem
526 1322 614 1363 fere
647 1323 942 1377 appellatione,
973 1337 1054 1378 qua
1085 1325 1125 1363 in
1159 1339 1198 1365 v.
1226 1326 1293 1375 20,
1326 1324 1563 1378 Olympiam
1594 1321 1840 1375 significare,

346 1403 443 1430 cum
465 1389 547 1431 duo
570 1391 865 1433 interiacerent
886 1397 1118 1446 systemata
1136 1393 1243 1433 inter
1263 1397 1485 1446 utrumque
1502 1391 1651 1432 locum.
1684 1389 1841 1430 Verum

347 1458 388 1497 in
427 1473 465 1499 v.
508 1460 583 1499 111
624 1459 762 1500 denuo
805 1473 878 1514 per
914 1460 1114 1514 ambages
1155 1473 1306 1500 nomen
1348 1459 1550 1508 reddidit,
1593 1458 1661 1499 ubi
1703 1457 1840 1498 verbis

343 1525 435 1577 παρ’
480 1525 679 1568 daciam»
730 1526 904 1578 Κρόνιον
950 1528 1185 1582 Olympiam
1235 1528 1434 1568 contineri
1488 1541 1609 1568 nemo
1656 1525 1845 1579 negabit,

345 1607 437 1634 cum
473 1593 650 1635 Cronius
687 1595 923 1650 appelletur
963 1596 1100 1648 collis,
1140 1596 1208 1651 qui
1249 1596 1441 1651 proxime
1472 1595 1588 1636 Altin
1627 1594 1839 1649 planitiem

344 1676 473 1716 supra
505 1663 745 1718 Olympiam
777 1665 970 1718 assurgit.
1034 1664 1195 1712 Quodsi
1216 1679 1378 1705 versum
1409 1666 1461 1704 94
1484 1663 1723 1717 diligentius
1745 1676 1840 1703 con-

345 1731 533 1785 templati
557 1732 723 1784 erimus,
745 1731 810 1773 hic
834 1746 1001 1787 quoque
1025 1733 1190 1787 signum
1209 1732 1431 1788 Olympia-e
1454 1731 1837 1786 deprehendemus:

342 1803 417 1839 τᾶν
440 1799 721 1849 'Oavpcma'dmv
753 1802 796 1840 ἕν
825 1800 989 1852 δρόμοις
1021 1802 1128 1842 enim
1154 1801 1309 1842 dietum
1334 1800 1496 1840 videtur
1517 1814 1593 1855 pro
1618 1799 1839 1850 'Oavpcmfag

342 1868 385 1907 ἐν
416 1866 588 1919 δρόμοις.
649 1868 796 1923 Itaque
828 1869 861 1909 si
894 1873 1029 1909 totum
1063 1883 1229 1910 carmen
1262 1882 1344 1909 uno
1375 1869 1524 1909 obtutu
1547 1868 1839 1922 percurrimus,

342 1948 435 1974 cum
469 1936 652 1990 quinque
685 1936 858 1977 diversis
890 1937 998 1977 inter
1029 1952 1073 1978 se
1106 1936 1460 1992 appellationibus
1495 1950 1602 1976 unus
1643 1935 1837 1990 idemque

341 2002 460 2044 locus
491 2003 748 2056 significatus
780 2005 854 2045 sit:
901 2018 936 2045 ν.
971 2007 992 2045 7
1026 2005 1243 2056 Ὀλυμπία,
1280 2019 1317 2046 v,
1352 2006 1403 2045 18
1436 2004 1560 2052 Πίσα,
1592 2018 1629 2046 v,
1663 2005 1716 2044 20
1747 2001 1837 2054 παρ’

334 2068 523 2126 Ἀλφεῷ,
565 2084 602 2112 v.
635 2073 688 2112 24
728 2071 881 2124 ev'dvmp
914 2075 1057 2114 Λυδοῦ
1101 2071 1280 2122 Πέλοπος
1323 2072 1501 2121 ἀποικία,
1543 2087 1581 2113 v.
1627 2074 1698 2112 111
1746 2071 1838 2124 παρ’

339 2137 545 2179 εὐδείελον
580 2137 764 2191 Κρόνιον,
796 2142 1064 2196 perspicitur,
1108 2156 1234 2195 quam
1273 2142 1493 2194 diligenter
1532 2141 1643 2181 illam
1683 2142 1837 2194 legem,

341 2221 423 2261 qua
445 2219 496 2248 ne
519 2221 668 2247 nomen
692 2208 803 2250 idem
826 2209 932 2250 intra
957 2224 1082 2250 unum
1107 2214 1288 2264 systema
1305 2213 1579 2265 repeteretur,
1597 2209 1838 2262 cavebatur,

340 2275 551 2316 Pindarus
584 2276 879 2319 observaverit.
943 2279 1125 2319 Tantum
1154 2283 1295 2321 autem
1321 2279 1455 2330 abest,
1485 2284 1531 2319 ut
1551 2278 1632 2319 hoc
1652 2277 1838 2319 variandi

339 2343 478 2384 studio
511 2344 562 2384 ad
607 2349 845 2386 contortum
889 2346 1053 2399 dicendi
1097 2360 1231 2401 genus
1275 2350 1399 2401 poeta
1441 2346 1636 2387 detrusus
1680 2347 1752 2398 sit,
1795 2349 1839 2387 ut

339 2411 480 2454 divino
522 2427 659 2468 paene
703 2413 876 2455 artificio
919 2415 1211 2470 Olympiorum
1256 2429 1449 2456 scaenam
1489 2419 1701 2470 tamquam
1743 2420 1840 2456 ante

339 2481 482 2522 oculos
513 2482 634 2523 nobis
667 2489 796 2537 ponat
827 2489 952 2538 atque
987 2484 1196 2539 Alpheum
1229 2484 1419 2535 fluvium,
1463 2483 1578 2524 Altin
1610 2483 1836 2537 planitiem,

340 2549 537 2591 Cronium
573 2551 723 2591 collem
757 2552 997 2605 conspicere
1030 2552 1336 2607 quodammodo
1373 2552 1494 2593 nobis
1525 2552 1752 2593 videamur.

475 2618 638 2659 Eodem
668 2619 756 2660 fere
789 2619 913 2660 modo
946 2620 986 2660 in
1019 2621 1201 2662 carmine
1229 2620 1446 2674 Olympico
1478 2622 1598 2661 tertio
1618 2621 1840 2675 Olympiae

336 2700 488 2727 nomen
536 2688 744 2729 variatum
788 2694 865 2729 est.
936 2687 984 2728 In
1027 2702 1108 2743 quo
1153 2693 1374 2743 postquam
1417 2702 1456 2730 V.
1498 2691 1522 2729 9
1565 2689 1662 2729 Pisa
1702 2703 1745 2730 se
1785 2689 1836 2730 ad

335 2754 537 2812 victorem
580 2756 879 2798 celebrandum
921 2757 1077 2810 impelli
1120 2756 1165 2809 (ἃ
1204 2773 1245 2797 τε
1291 2759 1401 2798 Πίσα
1442 2774 1490 2807 με
1536 2757 1737 2809 γεγωνεῖν)
1779 2757 1838 2797 ita

336 2822 498 2877 cecinit,
532 2829 579 2865 ut
613 2823 851 2881 Olympiam
883 2824 1148 2879 significaret,
1180 2829 1307 2880 poeta
1338 2826 1379 2866 in
1412 2839 1451 2866 V.
1484 2826 1531 2866 15
1566 2825 1837 2866 certaminum

335 2891 552 2947 regionem
602 2894 770 2934 nomine
817 2894 987 2948 proprio
1033 2893 1289 2945 introduxit,
1343 2908 1434 2934 cuni
1484 2893 1638 2945 olivas,
1688 2894 1837 2948 quibus
