2139 3299
881 256 998 313 [253]
1631 261 1681 303 15

198 400 328 442 „pons
367 387 550 430 marinus
591 391 689 428 ant-e
730 384 920 427 Corinthi
961 385 1153 427 moenia“
1194 385 1441 440 insignitur,
1480 399 1573 427 cum
1611 400 1686 441 per

194 455 398 498 Isthmum
440 470 570 512 prope
605 448 852 496 Corinthum
892 453 1018 494 situm
1058 457 1273 509 tamquam
1314 466 1390 508 per
1430 457 1602 508 pontem
1641 454 1683 495 in

195 525 298 566 mari
327 525 484 566 factum
516 539 568 566 ex
590 523 886 577 Peloponneso
917 521 957 562 in
984 521 1242 575 Megaridem
1273 525 1315 563 et
1335 521 1520 562 Atticam
1550 526 1683 564 eatur.

891 691 982 745 ξ2.

331 796 538 845 Quoniam
570 795 762 836 omnibus
794 794 857 836 his
889 794 1094 849 exemplis
1124 794 1226 835 satis
1254 793 1561 837 demonstrasse
1583 796 1685 838 mihi

191 865 333 907 videor
375 867 416 907 in
460 864 563 906 locis
607 863 799 919 quidem,
845 863 916 903 ubi
955 862 1166 903 laudanda
1206 863 1378 904 victoria
1418 869 1508 905 erat
1547 869 1681 919 parta,

189 934 451 975 nominandis
469 931 699 973 Pindarum
721 930 907 973 eiusdem
931 930 1221 985 appellationis
1242 931 1535 986 repetitionem
1552 945 1682 991 'quam

194 1001 507 1056 diligentissime
550 1002 727 1055 vitasse,
766 1014 876 1042 nunc
917 1000 1157 1054 videamus,
1201 1015 1302 1042 num
1340 1002 1530 1056 regulam
1570 1001 1681 1044 illam

193 1084 321 1126 supra
350 1075 622 1112 memoratam
654 1069 693 1112 in
726 1069 924 1123 patriis
955 1082 1123 1124 quoquc
1153 1070 1421 1111 victorum
1452 1070 1680 1112 urbibus

192 1139 453 1193 appellandis
482 1138 737 1193 servaverit.
798 1137 911 1185 Quas
954 1138 1215 1192 potissimum
1260 1152 1344 1178 una
1388 1152 1480 1179 cum
1522 1140 1681 1180 'victore

189 1206 383 1262 laudibus
406 1207 542 1248 efferri
561 1206 715 1248 nemini
732 1205 879 1246 mirum
895 1205 1115 1258 videbitur,
1133 1206 1201 1261 qui
1218 1206 1474 1260 reputaverit
1490 1210 1680 1248 veterum

188 1275 403 1315 hominum
434 1275 647 1316 sententia-
676 1288 818 1314 omnes
851 1274 962 1314 cives
1005 1278 1090 1314 tam
1120 1278 1232 1326 arte,
1274 1279 1320 1314 ut
1359 1275 1409 1314 ab
1451 1288 1502 1315 ea
1541 1274 1679 1315 divelli

187 1347 414 1398 nequeant,
446 1358 538 1385 cum
570 1343 705 1398 patria
737 1342 978 1384 coniunctos
1010 1356 1115 1384 esse.

323 1413 387 1452 Ao
418 1412 647 1467 principem
677 1410 848 1465 quidem
878 1411 919 1450 in
942 1411 1003 1452 his
1025 1411 1165 1451 locum
1185 1410 1410 1451 AEGINA
1433 1415 1561 1463 tenet,
1583 1424 1678 1452 cum

193 1495 244 1521 ex
277 1480 555 1534 quadraginta
586 1485 627 1520 et
660 1484 867 1533 quattuor,
898 1493 1006 1534 quae
1027 1479 1146 1520 nobis
1167 1482 1331 1519 servata
1352 1483 1461 1531 sunt,
1492 1479 1675 1534 epiniciis

195 1553 345 1603 quarta
378 1562 473 1602 pars
505 1548 763 1602 Aeginenses
804 1547 984 1588 celebret
1015 1548 1206 1588 victores.
1265 1546 1498 1601 Praecipue
1536 1552 1677 1588 autem

190 1618 230 1657 in
261 1616 452 1667 Nemeis,
495 1616 649 1670 quippe
689 1629 796 1670 quae
835 1629 917 1656 non
951 1615 1096 1669 procul
1128 1615 1181 1655 ab
1212 1628 1355 1656 eorum
1385 1615 1521 1656 insula
1551 1615 1677 1657 habe-

187 1688 344 1737 rentur,
366 1684 493 1724 robur
515 1689 555 1724 et
579 1683 777 1725 virtutem
799 1697 916 1723 suam
933 1683 1167 1737 Aeginetae
1188 1683 1442 1737 praestitisse
1461 1683 1676 1734 videntur3

188 1766 281 1794 nam
304 1750 608 1793 Nemeaeorum
641 1752 870 1792 carminum
900 1751 994 1806 plus
1026 1764 1153 1806 quam
1183 1751 1350 1793 dimidia
1374 1765 1468 1807 pars
1490 1752 1531 1792 in
1551 1753 1675 1805 viros,

188 1823 258 1877 qui
291 1820 454 1861 oriundi
486 1825 603 1862 erant
644 1834 696 1862 ex
739 1821 1070 1875 praeclarissima
1107 1820 1178 1862 illa
1209 1821 1485 1862 Aeacidarum
1528 1821 1677 1874 insula,

190 1891 341 1944 scripta
379 1892 454 1931 est.
515 1889 632 1930 Tunc
676 1890 792 1945 quasi
833 1903 1002 1931 auream
1042 1893 1224 1931 aetatem
1255 1889 1557 1944 Aeginetarum
1598 1892 1675 1932 rei—

185 1958 376 2014 publicae
418 1957 548 1999 fuisse
589 1959 717 1999 etiam
756 1972 810 2000 ex
850 1958 950 1999 artis
996 1957 1178 2011 fingendi
1224 1959 1524 2012 monumentis,
1569 1972 1675 2014 quae

187 2027 301 2067 initio
324 2027 445 2067 huius
466 2027 619 2068 saeculi
642 2032 808 2081 reperta
828 2032 937 2079 sunt,
960 2032 1219 2081 compertum
1236 2026 1450 2068 habemus.
1493 2027 1674 2083 Egregia

187 2095 297 2136 enim
339 2094 411 2135 illa
453 2094 696 2147 simulacra,
753 2107 859 2150 quae
903 2094 1056 2135 stantia
1099 2094 1183 2136 illic
1224 2094 1266 2135 in
1310 2094 1484 2150 fastigiis
1526 2096 1674 2151 templi

186 2163 399 2204 Minervae
421 2163 723 2217 Aeginensium
754 2154 929 2204 heroum
949 2162 1059 2203 facta
1078 2164 1285 2205 illustrare
1306 2169 1521 2218 putantur,
1553 2166 1673 2206 nobis

183 2234 426 2282 monstrant,
458 2234 717 2287 quantopere
749 2235 859 2273 artes
890 2235 980 2272 tum
1008 2230 1051 2271 in
1081 2230 1217 2272 insula
1247 2231 1414 2287 Aegina
1443 2233 1671 2276 floruerint.

184 2299 309 2341 Cuius
352 2299 648 2353 magnitudinis
694 2303 736 2340 et
779 2299 1032 2354 splendoris,
1076 2300 1146 2353 qui
1187 2299 1353 2354 quidem
1396 2302 1537 2356 paullo
1580 2306 1673 2356 post

183 2381 292 2409 anno
325 2366 733 2423 quadringentesimo
762 2367 1106 2424 quinquagesimo
1129 2372 1251 2410 sexto
1272 2369 1325 2411 ab
1345 2368 1672 2412 Atheniensibus

184 2437 415 2479 exstinctus
447 2442 523 2488 est,
552 2437 692 2491 imago
725 2437 778 2478 ad
808 2437 992 2478 animum
1015 2442 1206 2479 nostrum
1226 2438 1415 2491 refertur,
1446 2439 1481 2480 si
1501 2438 1671 2481 Pindari

181 2504 357 2560 epinicia
387 2504 638 2560 perlegimus
667 2511 709 2547 et
731 2505 1051 2562 appellationes,
1083 2505 1230 2561 quibus
1252 2506 1415 2562 Aegina
1435 2506 1670 2563 insignitur,

183 2572 505 2615 consideramus.

319 2643 451 2689 Quam
484 2641 702 2697 eleganter
733 2642 924 2685 carminis
956 2642 1165 2698 Olympici
1196 2644 1336 2686 octavi
1365 2644 1405 2686 in
1438 2658 1475 2685 v,
1500 2646 1566 2698 20,
1598 2645 1671 2687 ubi

181 2710 311 2752 victor
353 2709 640 2765 praedicatur,
690 2712 788 2766 quia
829 2711 987 2761 ἐξένεπε
1026 2710 1201 2765 κρατέων
1240 2711 1346 2770 πάλᾳ
1390 2711 1671 2767 δολιχήρετμον

180 2777 353 2831 Αἴγιναν
368 2776 523 2830 πάτραν
547 2779 848 2834 (promulgavit
864 2781 1034 2822 vincens
1049 2781 1161 2822 lucta
1179 2781 1448 2836 longiremem
1459 2781 1671 2836 Aeginam

180 2845 399 2902 patriam),
441 2847 613 2890 navales
653 2861 753 2904 opes
791 2848 1096 2904 Aeginetarum
1135 2849 1391 2906 significatae
1429 2849 1554 2892 sunt?
1619 2849 1669 2892 In

182 2929 217 2958 v,
249 2916 303 2960 25
333 2918 474 2956 autem
506 2920 547 2957 et
576 2929 690 2972 seqq.
720 2917 975 2972 aequitatem
1014 2918 1178 2960 illorum
1217 2918 1260 2959 in
1299 2919 1387 2960 iure
1429 2919 1666 2963 exercendo
