2139 3299
947 257 1071 313 [265]
1670 234 1674 237 ’
1706 257 1758 299 27

266 383 307 425 in
349 383 519 425 Pindari
565 384 813 425 carminibus
855 384 1022 425 victoris
1065 398 1219 426 nomen
1264 385 1375 425 intra
1420 384 1530 425 idem
1573 388 1757 438 systema

265 452 490 506 repetitum
513 457 588 494 est.
639 452 690 493 In
721 452 801 493 oda
822 453 930 493 enim
955 452 1175 507 Olympica
1197 453 1322 503 tertia
1338 444 1565 508 'postquam
1586 451 1755 493 Theron

268 519 307 560 in
339 532 377 561 v,
409 521 433 561 3
464 534 539 562 suo
575 521 741 568 nomine
773 524 1037 576 nuncupatus
1068 525 1111 562 et
1147 521 1189 561 in
1230 533 1269 563 V.
1303 522 1327 561 9
1360 518 1637 573 Αἰνησιδάμου
1667 523 1757 569 παῖς

267 587 484 641 insignitus
515 593 592 641 est,
624 596 666 630 et
696 589 736 629 in
770 603 804 629 V.
837 591 889 630 39
924 594 964 629 et
994 589 1036 629 in
1066 603 1104 630 v,
1132 591 1185 629 43
1217 593 1342 643 poeta
1374 587 1426 629 ad
1457 588 1613 629 nudum
1648 587 1756 640 regis

265 670 416 699 nomen
459 658 673 712 proprium
718 657 952 700 revertitur.
1027 657 1108 700 Hic
1156 657 1322 714 quidem
1367 656 1576 699 Pindarus
1622 656 1755 697 minus

268 724 486 779 diligenter
517 739 660 766 versus
692 726 857 767 limasso
888 726 1064 778 videtur,
1096 726 1169 768 sed
1200 727 1392 768 molestia
1413 725 1674 779 repetitionis
1704 738 1754 765 eo

225 824 230 828 .
266 793 475 844 minuitur,
506 793 617 848 quod
649 808 730 835 non
761 795 801 835 in
834 793 980 835 eadem
1012 795 1182 849 stropha
1214 795 1269 835 fit.
1330 794 1391 836 Ac
1431 793 1571 834 nescio
1611 807 1663 833 an
1703 791 1755 834 de

263 860 468 902 industria
497 861 704 903 Theronis
737 876 888 903 nomen
918 863 958 903 in
988 870 1027 905 v.
1049 864 1102 904 43
1133 863 1357 917 repetitum
1388 863 1454 911 sit,
1486 862 1584 916 quia
1615 862 1752 915 priore

262 942 387 970 versu
408 930 552 971 urtima
574 930 765 971 carminis
786 945 896 984 pars,
918 930 1098 985 ἐπίλογος
1121 932 1192 986 qui
1214 931 1443 978 dicebatur,
1466 930 1662 972 incohata
1682 930 1750 970 sit.

267 995 349 1037 Sed
381 996 484 1040 haec
512 998 730 1040 hactenus.
1612 1006 1618 1013 '

943 1136 1053 1219 §4-

400 1273 533 1326 Nunc,
564 1289 658 1316 cum
689 1274 742 1316 de
772 1274 1124 1330 appellationibus
1154 1273 1208 1316 ad
1239 1274 1439 1316 victorem
1468 1279 1510 1315 et
1539 1273 1754 1315 victoriam

267 1343 552 1397 spectantibus
574 1344 672 1384 satis
695 1344 862 1398 copiose
883 1343 1128 1384 disseruisse
1154 1343 1272 1384 nobis
1295 1343 1521 1392 videamur,
1556 1341 1754 1397 quemad-

266 1410 438 1452 modum
478 1411 697 1453 deorum
738 1419 786 1453 et
829 1412 1047 1453 heroum
1085 1411 1298 1452 nomina
1336 1411 1543 1452 Pindarus
1588 1411 1750 1452 variare

267 1479 495 1529 studuerit,
542 1479 830 1521 scrutabimur.
905 1480 967 1520 Ac
1010 1479 1200 1533 profecto
1244 1480 1477 1520 admirabili
1524 1479 1751 1521 verborum

265 1548 456 1589 ubertate
495 1553 623 1602 poeta
660 1549 835 1590 deorum
877 1549 1023 1591 laudes
1066 1549 1309 1601 exornavit,
1355 1563 1450 1589 cum
1490 1548 1529 1589 di
1571 1549 1651 1602 ipsi
1689 1548 1751 1596 iis,

263 1630 368 1673 quos
400 1616 643 1672 diligebant,
674 1617 770 1658 viris
802 1617 1015 1659 victoriam
1046 1621 1086 1657 et
1115 1617 1157 1657 in
1188 1616 1299 1658 bello
1324 1621 1366 1659 et
1387 1616 1428 1657 in
1452 1617 1750 1658 certaminibus

264 1686 450 1728 tribuere
480 1691 738 1741 putarentur,
770 1700 944 1742 eamque
977 1687 1031 1728 ob
1062 1701 1151 1728 rem
1181 1687 1221 1727 in
1253 1686 1440 1740 plurimis
1463 1687 1648 1741 epiniciis
1673 1701 1750 1741 pro

262 1755 463 1796 beneficio
496 1759 636 1809 grates
667 1755 716 1795 iis
748 1761 985 1809 agerentur.

398 1822 546 1878 Neque
577 1824 726 1864 mirum
758 1829 820 1864 est
851 1824 1032 1878 primum
1073 1823 1240 1879 quidem
1281 1825 1420 1865 locum
1460 1825 1565 1865 inter
1608 1837 1752 1864 omnes

263 1890 385 1941 deos,
435 1892 467 1932 si
517 1906 542 1932 a
591 1892 716 1942 Iove,
754 1892 846 1946 'qui
896 1906 1023 1946 supra
1073 1896 1235 1934 ceteros
1286 1898 1372 1945 est,
1424 1892 1752 1935 discesserimus.

262 1957 543 1999 APOLLINI
596 1973 621 2000 a
671 1960 852 2000 Pindaro
905 1960 1106 2000 tributum
1156 1974 1269 2010 esse,
1329 1962 1482 2015 quippe
1536 1961 1606 2016 qui
1657 1974 1751 2000 cum

264 2026 403 2067 multis
446 2027 604 2068 artibus
647 2032 733 2068 tum
782 2028 964 2069 musicae
1010 2028 1151 2069 favere
1196 2042 1374 2083 eamque
1418 2030 1508 2083 ipse
1554 2041 1753 2070 exercere

261 2095 510 2136 crederetur.
572 2095 679 2136 Cum
707 2097 833 2150 igitur
863 2096 1161 2137 nonnullorum
1201 2098 1432 2138 carminum
1474 2098 1612 2138 media
1655 2111 1751 2151 pars

261 2163 378 2218 epica
405 2169 495 2204 tota
516 2165 554 2204 in
574 2164 780 2218 Apollinis
804 2165 924 2205 factis
946 2164 1186 2206 enarrandis
1209 2170 1411 2215 versetur,
1433 2166 1749 2219 speciosissimis

259 2231 438 2272 inventis
469 2245 518 2272 ac
549 2233 711 2273 varium
742 2233 783 2273 in
814 2232 985 2274 modum
1016 2232 1138 2273 huius
1175 2232 1245 2274 dei
1283 2246 1433 2274 nomen
1468 2248 1491 2273 a
1523 2238 1647 2288 poeta
1677 2248 1747 2275 ex-

259 2313 450 2354 pressum
480 2305 554 2342 est.
617 2301 684 2342 Ita
714 2302 756 2342 in
787 2302 966 2343 carmine
989 2301 1210 2357 Olympico
1242 2308 1378 2353 sexto,
1411 2303 1481 2343 ubi
1511 2302 1745 2356 exponitur,

260 2369 466 2423 quomodo
499 2370 653 2425 Apollo
688 2371 893 2425 Iamidas‚
934 2385 1112 2425 quorum
1144 2385 1198 2412 ex
1235 2376 1359 2425 gente
1390 2372 1519 2412 victor
1551 2369 1748 2411 oriundus

263 2434 371 2490 erat,
410 2451 433 2478 a
464 2452 508 2478 se
538 2443 764 2492 prognatos
797 2439 1017 2495 Olympiae
1047 2439 1087 2479 in
1120 2454 1193 2480 ara
1224 2439 1334 2480 Iovis
1374 2440 1555 2480 maxima
1592 2438 1747 2478 oraculi

259 2505 472 2559 praesides
505 2510 707 2560 vatesque
738 2507 992 2548 hereditario
1024 2508 1113 2548 iure
1145 2508 1415 2557 constituerit,
1453 2513 1676 2562 postquam
1707 2508 1747 2547 in

258 2589 298 2616 v.
322 2574 373 2615 35
396 2574 499 2617 deus
521 2576 688 2618 nomine
712 2577 918 2631 Apollinis
940 2576 1201 2618 introductus
1223 2580 1296 2628 est,
1328 2577 1469 2618 statim
1492 2576 1530 2617 in
1554 2589 1676 2616 versu
1695 2576 1748 2616 36

258 2642 516 2695 significatur
558 2645 840 2697 appellatione
878 2649 1006 2685 θεοῖο.
1075 2644 1326 2685 Sollemnius
1359 2644 1512 2696 Apollo
1554 2645 1595 2683 in
1627 2657 1664 2684 V.
1697 2645 1745 2683 41

220 2753 224 2756 ,
257 2713 521 2765 nuncupatur
551 2709 571 2752 ὁ
596 2710 880 2764 Χρυσοκόμας,
913 2711 1024 2768 quod
1056 2710 1434 2767 praeclarissimum
1465 2723 1697 2764 cognomen
1726 2724 1751 2751 a

256 2779 489 2831 magnifica,
523 2794 649 2833 quam
679 2780 804 2820 hodie
833 2793 1000 2833 quoque
1021 2780 1062 2819 in
1085 2779 1204 2819 huius
1227 2780 1293 2820 dei
1315 2780 1462 2819 statuis
1484 2778 1750 2828 admiramur,

257 2860 375 2889 coma
406 2846 594 2901 ductum,
625 2862 721 2890 cum
751 2855 848 2891 ante
877 2847 1105 2890 Pindarum
1129 2847 1315 2903 Apollini
1345 2847 1525 2889 inditum
1555 2861 1645 2889 esse
1665 2862 1749 2890 non

257 2916 470 2970 videatur,
515 2919 654 2959 nescio
698 2933 751 2959 an
795 2919 1004 2959 Pindarus
1045 2918 1134 2971 ipse
1175 2919 1216 2958 in
1260 2932 1356 2958 eum
1397 2918 1655 2959 transtulerit
1696 2919 1748 2959 ad
