2139 3299
984 293 1100 349 [279]
1730 295 1779 337 41

304 420 540 462 delectaret.
582 420 842 475 Quamquam
862 423 1030 475 praeter
1050 420 1129 462 hoc
1146 420 1228 463 duo
1248 425 1410 463 tantum
1428 424 1621 478 exempla
1637 425 1782 466 talium

302 489 345 530 in
374 489 476 531 locis
515 488 622 530 inter
657 503 700 530 se
729 489 1074 545 respondentibus
1107 491 1404 545 repetitionum
1443 505 1495 533 ex
1533 492 1782 538 carminibus

303 556 532 598 Pindaricis
569 557 708 612 colligi
745 562 933 612 possunt.
992 556 1184 614 Namque
1217 558 1283 601 Ol.
1315 558 1337 599 Ι
1368 560 1420 599 69
1453 563 1493 600 et
1524 560 1578 600 80
1607 561 1782 603 verbum

303 624 430 678 γάμον
459 630 502 668 et
531 626 676 667 Isthm.
698 625 785 667 VII
807 628 860 668 40
882 631 924 669 et
944 628 998 668 50
1018 627 1269 669 vocabulum
1290 627 1424 668 πεδίον
1453 628 1496 673 in
1516 628 1664 670 eadem
1684 629 1782 672 sede

302 694 525 749 repetitum
564 698 637 737 est.
707 695 799 743 Qua
836 696 877 738 in
917 697 1205 752 exemplorum
1243 697 1455 752 paucitate
1497 696 1668 738 dubium
1708 702 1783 748 est,

301 777 402 804 num
437 763 643 806 Pindarus
682 764 784 805 illud
824 765 1060 818 artificium,
1104 766 1217 821 quod
1259 766 1370 821 apud
1413 769 1558 821 poetas
1601 767 1783 820 tragicos

300 846 383 874 non
416 837 506 875 erat
534 834 787 886 inusitatum,
819 835 1004 877 consulto
1036 835 1301 891 appetiverit.

437 901 518 943 Sed
559 902 776 944 redeamus
816 903 867 944 ad
908 905 1175 958 propositum.
1236 902 1614 945 AGAMEMNON
1656 903 1783 958 igitur

301 969 494 1011 carminis
524 969 688 1024 Pythici
718 970 921 1012 undecimi
950 972 992 1011 in
1020 985 1059 1013 v,
1085 974 1148 1024 17,
1180 973 1272 1013 cum
1295 972 1455 1014 Orestis
1477 985 1603 1026 supra
1623 972 1780 1013 mentio

298 1036 408 1078 faeta
438 1038 503 1091 sit,
534 1038 809 1092 appellatione
839 1038 987 1092 πατρός
1016 1040 1297 1094 introductus,
1330 1044 1551 1095 postquam
1582 1041 1623 1081 in
1656 1053 1693 1081 V.
1726 1041 1781 1081 20

299 1118 451 1147 nomen
485 1106 569 1147 eius
597 1106 656 1148 ita
678 1106 885 1148 redditum
907 1111 983 1159 est,
1015 1113 1061 1149 ut
1083 1108 1228 1151 umbra
1249 1122 1274 1149 a
1295 1107 1625 1163 Clytaemnestra
1650 1121 1781 1150 uxore

299 1173 491 1215 trucidati
531 1173 832 1228 Ἀγαμεμνονία
865 1174 982 1229 ψυχά
1014 1175 1243 1228 diceretur,
1283 1177 1324 1217 in
1359 1190 1395 1217 V.
1428 1178 1476 1217 31
1519 1176 1635 1218 audit
1673 1175 1780 1230 ἣρως

297 1241 518 1294 'At-pillinc.
627 1287 630 1291 A

434 1310 522 1352 'Nec
553 1311 804 1353 dissimiliter
833 1312 1268 1354 BELLEROPHON
1294 1313 1334 1353 in
1362 1313 1553 1354 carminis
1574 1312 1781 1367 Olympici

299 1379 409 1421 tertii
440 1379 589 1422 decimi
618 1393 653 1422 V.
686 1382 739 1422 59
769 1381 905 1423 verbis
936 1379 1131 1436 σφετέρου
1161 1379 1311 1434 πατρός
1351 1384 1519 1422 notatus
1563 1386 1646 1436 est,
1688 1396 1783 1423 011111

300 1447 507 1489 Glaucum
536 1462 612 1489 sua
643 1462 666 1489 a
687 1449 1011 1504 Bellerophonte
1041 1449 1199 1503 origine
1221 1462 1357 1489 coram
1380 1449 1536 1490 Danais
1558 1449 1782 1503 gloriatum

300 1529 392 1558 esse
431 1517 508 1558 hoc
547 1517 640 1558 loco
679 1520 804 1572 poeta
843 1517 1061 1560 rettulerit.
1122 1516 1285 1559 Deinde
1322 1523 1546 1572 postquam
1587 1517 1627 1558 in
1658 1530 1696 1559 v,
1729 1519 1781 1561 65

297 1585 484 1627 Minerva
513 1598 685 1626 auream
714 1585 826 1626 illam
857 1585 1063 1627 habenam
1093 1585 1145 1626 ad
1171 1585 1381 1639 Pegasum
1413 1584 1666 1627 domandum
1687 1599 1782 1640 por-

297 1658 391 1695 tans
431 1666 524 1694 eum
564 1653 739 1694 allocuta
780 1657 844 1695 est
885 1654 1086 1708 ᾖΑἰολίδα
1125 1650 1327 1706 βασιλεῦ“,
1369 1654 1409 1694 in
1451 1667 1487 1695 v,
1520 1656 1567 1695 81
1615 1653 1782 1695 demum

296 1722 510 1778 proprium
541 1722 716 1776 legimus
748 1721 1086 1777 Bellerophontis
1116 1736 1281 1764 nomen.

430 1790 520 1832 Iam
551 1804 650 1833 vero
680 1792 722 1832 in
753 1791 935 1833 carmine
966 1791 1184 1847 Olympico
1227 1795 1347 1833 sexto
1391 1805 1483 1832 cum
1521 1790 1688 1831 victoris
1728 1804 1781 1831 ex

295 1859 548 1902 Iamidarum
593 1864 719 1915 gente
766 1859 1000 1902 celebrandi
1051 1874 1175 1903 eausa
1223 1859 1355 1902 IAMI
1401 1859 1453 1902 ab
1499 1858 1695 1915 Apolline
1741 1862 1781 1900 et

294 1928 470 1970 Euadne
501 1932 615 1970 ortus
647 1929 884 1984 diligentius
915 1933 1130 1971 enarratus
1162 1929 1226 1980 sit,
1258 1933 1384 1984 poeta
1405 1932 1613 1970 auctorem
1637 1928 1778 1969 claris-

295 1997 387 2038 simi
417 1997 526 2038 illius
556 1998 719 2051 generis
751 1996 792 2039 in
823 2011 861 2039 v.
894 1999 945 2039 36
979 2001 1092 2039 θεοῖο
1122 1995 1238 2050 γόνον
1268 2001 1310 2040 et
1345 1998 1387 2039 in
1419 2010 1455 2039 v,
1487 1998 1537 2038 41
1574 1994 1779 2051 θεόφρονα

295 2068 435 2118 κοῦρον
465 2065 582 2108 dixit.
628 2064 746 2107 Idem
777 2069 997 2121 postquam
1026 2066 1067 2106 in
1094 2079 1131 2106 V.
1154 2067 1207 2107 43
1229 2065 1339 2106 nudo
1363 2065 1527 2107 nomine
1547 2064 1779 2119 appellatus

298 2137 372 2187 est,
401 2134 443 2175 in
472 2147 511 2176 v,
545 2135 596 2175 57
628 2148 783 2175 novum
814 2134 899 2176 eius
932 2134 1096 2188 signum
1128 2133 1490 2188 deprehendimus.
1537 2132 1645 2174 Nam
1667 2133 1779 2174 τοῦτ’

295 2200 406 2255 ὄνυμ’
439 2200 661 2252 ἀθάνατον,
695 2202 806 2258 quod
836 2215 984 2244 nomen
1006 2201 1182 2244 Euadne
1212 2202 1297 2244 filio
1319 2216 1393 2243 suo
1416 2201 1589 2243 dederat
1611 2206 1780 2256 propter

294 2270 438 2325 violas,
469 2271 618 2326 quibus
648 2275 782 2313 tectus
811 2271 1007 2324 iacuerat,
1041 2275 1104 2313 est
1132 2284 1283 2312 nomen
1304 2268 1452 2323 Ἴαμος.
1511 2270 1781 2312 Postremum

294 2340 333 2381 in
367 2352 407 2382 v,
438 2341 491 2381 62
521 2339 662 2382 Iamus
691 2340 910 2395 imperium
941 2339 1107 2395 aliquod
1137 2343 1329 2395 precatus
1359 2339 1411 2380 ab
1433 2338 1629 2394 Apolline
1659 2342 1781 2393 patre

294 2408 574 2463 appellatione
603 2408 716 2459 τέκος
744 2410 879 2464 ipsum
901 2408 1138 2464 Olympiam
1169 2409 1285 2464 sequi
1314 2408 1450 2449 iussus
1473 2411 1552 2461 est,
1583 2407 1656 2448 ubi
1675 2407 1779 2448 vati-

295 2475 458 2519 cinandi
487 2491 637 2519 munus
670 2477 782 2532 apud
813 2477 925 2519 Iovis
956 2491 1070 2519 aram
1100 2477 1321 2518 maximam
1352 2476 1573 2531 acciperet.

428 2544 590 2587 Minore
622 2559 742 2599 cura,
773 2560 850 2588 nec
881 2551 1020 2587 tamen
1050 2545 1312 2602 paucioribus
1341 2543 1621 2585 locutionibus
1652 2547 1780 2598 poeta

292 2612 525 2655 IASONIS
567 2627 720 2655 nomen
758 2615 799 2655 in
844 2614 1024 2655 carmine
1056 2613 1232 2668 Pythico
1272 2615 1420 2666 quarto
1464 2611 1664 2664 variavit,
1709 2611 1781 2652 ubi

291 2682 442 2739 legitur
486 2683 527 2724 in
568 2696 606 2726 V.
653 2685 732 2725 119
776 2681 947 2735 Ἰάσονα,
992 2698 1032 2726 V.
1076 2679 1314 2735 123γόνον
1355 2678 1565 2723 κάλλιστον
1611 2677 1782 2734 ἀνδρῶν,

292 2767 332 2794 v.
367 2754 444 2793 127
476 2749 645 2802 ἀνεψιόν
682 2752 785 2804 (soil.
818 2751 1056 2806 Ἀδμήτου),
1096 2766 1135 2792 V.
1171 2751 1249 2791 128
1281 2748 1426 2800 Ἰάσων,
1467 2764 1506 2791 v.
1549 2750 1629 2790 132
1665 2747 1781 2801 ἀνήρ,

292 2836 332 2864 V.
367 2821 445 2862 136
483 2817 629 2870 Ἰάσων,
669 2834 708 2862 V.
750 2822 828 2863 169
871 2818 1017 2871 Ἰοῖσων,
1060 2835 1100 2862 V.
1141 2820 1218 2860 189
1258 2817 1408 2869 Ἰάσων,
1451 2832 1490 2860 V.
1525 2819 1605 2859 194
1643 2815 1780 2871 ἀρχάς,

291 2902 330 2932 v.
353 2889 432 2931 217
456 2886 583 2944 σοφὸν
604 2888 838 2940 Αἰσονίδαν,
868 2903 907 2931 V.
928 2890 1008 2931 229
1032 2886 1228 2942 βασιλεύς,
1249 2885 1355 2937 ὅστις
1376 2885 1490 2942 ἄρχει
1512 2885 1617 2937 ναός,
1639 2899 1678 2927 v.
1699 2886 1780 2926 232

292 2955 444 3012 Ἰοίσῳν,
474 2972 513 3000 v.
535 2960 616 3000 236
636 2956 777 3012 βιατοῖς
806 2956 922 3012 ἀνήρ,
953 2973 992 3000 v.
1016 2959 1095 2999 239
1124 2955 1317 3011 καρτερόν
1337 2954 1472 3010 ἄνδρα.
1533 2955 1618 2998 Ubi
1640 2967 1781 3011 quam-
