2139 3299
982 283 1099 339 [277]
1730 284 1782 326 39
1836 322 1839 325 ,

296 412 648 467 circumscriptum
672 415 757 465 est,
798 415 845 452 ut
889 409 1121 465 Ἀλκμήνας
1154 410 1264 461 τέκος
1294 415 1529 453 vocaretur.
1589 411 1783 455 Eundem

297 480 528 535 Pindarus,
574 483 796 537 postquam
825 480 867 522 in
897 493 935 523 V.
967 481 1021 522 35
1063 481 1228 522 nomine
1267 479 1435 536 proprio
1475 494 1575 522 usus
1617 485 1699 532 est,
1741 483 1782 524 in

296 567 337 594 v.
370 552 422 593 38
455 550 594 591 Verbis
625 549 914 603 καρτεραίχμας
943 547 1320 604 Ἀμφιτρυωνιάδας
1349 549 1609 603 significavit.

433 653 493 696 Ut
524 653 730 696 Hercules
759 651 868 695 inter
891 654 1077 694 vetustos
1107 651 1259 694 heroas
1289 652 1347 694 ita
1366 650 1656 695 ACHILLES
1677 652 1785 694 inter

297 726 409 766 viros
457 726 601 764 contra
644 722 812 763 Troiam
863 720 1068 776 profectos
1116 721 1299 763 eminuit.
1375 720 1458 769 Qui
1501 721 1543 762 in
1594 721 1784 762 carminis

298 791 506 849 Olympici
547 791 646 831 noni
688 805 727 831 v.
774 791 820 830 71
868 789 1034 831 nomine
1076 789 1244 844 proprio
1288 789 1522 844 appellatus
1564 790 1607 830 in
1648 804 1687 831 v.
1733 791 1784 831 76

298 861 448 902 dicitur
477 859 616 910 Θέτιος
647 865 796 914 γοῦνος.
853 859 943 902 Nec
973 860 1106 901 minus
1136 860 1179 900 in
1210 859 1390 900 carmine
1411 859 1624 901 Nemeaeo
1658 861 1782 901 tertio

298 929 506 971 Pindarus
544 933 761 984 postquam
802 928 844 969 in
875 942 913 970 v.
944 929 998 969 43
1030 927 1165 970 denuo
1197 927 1250 969 ab
1281 928 1562 982 appellatione
1593 925 1783 983 (ξανθὸς)

296 994 481 1052 Ἀχιλεύς
511 1010 683 1038 exorsus
715 1000 799 1047 est,
839 995 880 1036 in
909 1010 950 1037 v.
982 997 1034 1036 57
1074 1009 1225 1036 nomen
1257 995 1428 1036 Achillis
1467 1010 1543 1051 per
1583 996 1783 1050 ambages

297 1066 356 1108 ita
385 1064 587 1119 reddidit,
627 1069 672 1106 ut
703 1078 796 1107 eum
826 1062 942 1118 γόνον
971 1062 1168 1119 φέρτατον
1197 1064 1284 1107 scil.
1317 1063 1505 1107 Thetidis
1537 1064 1783 1121 appellaret.

298 1134 455 1177 Contra
496 1134 688 1175 carminis
727 1133 913 1175 Isthmici
954 1133 1117 1188 septimi
1156 1137 1198 1173 et
1237 1133 1279 1173 in
1321 1147 1361 1175 v.
1403 1135 1455 1174 48
1487 1139 1539 1175 >et
1577 1135 1618 1174 in
1659 1148 1694 1176 V.
1726 1135 1779 1176 55

296 1202 470 1246 Achillis
511 1202 670 1243 nudum
710 1216 862 1244 nomen
902 1202 1116 1257 proprium
1156 1202 1298 1244 habes.
1358 1201 1517 1242 Verum
1557 1216 1649 1244 cum
1681 1203 1784 1244 haec

299 1271 380 1314 oda
409 1285 494 1313 non
525 1271 786 1327 systematis,
816 1270 889 1312 sed
920 1270 1091 1325 singulis
1122 1270 1303 1326 strophis
1335 1270 1615 1322 contineatur,
1646 1271 1784 1313 nescio

297 1354 351 1381 an
380 1339 447 1380 hic
476 1343 603 1393 poeta
632 1339 795 1380 nonnisi
824 1339 863 1379 in
897 1353 979 1380 una
1010 1339 1240 1394 eademque
1281 1339 1454 1394 stropha
1492 1339 1784 1393 repetitionem

298 1407 484 1451 eiusdem
513 1407 688 1449 nominis
719 1407 925 1450 vitaverit.

435 1509 597 1550 Maiore
647 1509 862 1564 diligentia
910 1508 1117 1551 Pindarus
1161 1509 1337 1551 Achillis
1386 1509 1619 1551 educatoris
1668 1525 1786 1566 prae-

298 1578 564 1634 ceptorisque
604 1577 804 1620 Centauri
845 1577 1125 1620 CHIRONIS
1166 1591 1318 1619 nomen
1360 1578 1549 1620 variavit.
1619 1578 1784 1621 Etenim

298 1648 340 1688 in
373 1647 564 1688 carminis
589 1647 755 1702 Pythici
786 1647 901 1689 tertii
931 1646 1045 1689 initio
1077 1647 1194 1701 quasi
1224 1661 1425 1689 summam
1457 1647 1786 1702 appellationum

299 1716 460 1770 copiam
490 1716 648 1756 iactans
677 1715 792 1756 illum
824 1715 1010 1768 Χείρωνα
1034 1715 1262 1767 Φιλυρίδαν,
1296 1714 1498 1768 Οὐρανίδα
1528 1714 1641 1768 γόνον
1667 1714 1784 1769 εὐρυ-

295 1782 470 1836 μέδοντα
503 1782 676 1837 Κρόνου,
709 1782 813 1837 Φῆρ’
844 1782 1061 1836 ἀγρότερον
1100 1784 1339 1826 nominavit.
1397 1782 1560 1838 Nempe
1597 1784 1783 1840 Philyra,

299 1852 457 1895 Oceani
487 1852 586 1905 filia,
618 1851 840 1893 Chironem
871 1866 925 1894 ex
948 1851 1083 1894 Crono
1114 1857 1231 1906 patre
1262 1856 1494 1907 pepererat.
1554 1851 1718 1893 Deinde
1741 1853 1783 1894 in

297 1934 336 1963 v.
367 1922 420 1963 45
452 1925 600 1975 poeta,
647 1920 856 1975 quomodo
886 1919 1042 1975 Apollo
1082 1920 1213 1962 filium
1249 1919 1550 1974 Aesculapium
1588 1918 1784 1974 Μάγνητι

298 1987 523 2047 Κενταύρῳ
564 1988 779 2043 tradiderit
819 1988 1105 2041 educandum,
1146 1992 1287 2030 narrat
1327 1992 1369 2030 et
1407 1988 1450 2029 in
1483 2002 1522 2031 v,
1555 1990 1607 2030 63
1639 1992 1785 2031 votum

296 2057 407 2108 facit,
437 2061 483 2098 ut
523 2055 695 2112 σώφρων
725 2057 885 2109 Χείρων
924 2058 965 2098 in
1006 2057 1109 2099 vivis
1151 2057 1203 2097 sit
1245 2061 1285 2098 et
1322 2057 1498 2098 Hieroni
1535 2057 1626 2110 regi
1664 2057 1787 2111 gravi

298 2125 443 2168 morbo
475 2125 622 2168 affecto
647 2125 853 2168 medicum
874 2125 1114 2182 Aesculapii
1134 2125 1310 2168 similem
1335 2125 1487 2167 mittat.
1532 2125 1675 2168 Isdem
1695 2125 1784 2168 fere

296 2195 577 2236 locutionibus
607 2195 649 2236 in
681 2195 862 2237 carmine
894 2195 1072 2251 Pythico
1104 2182 1252 2250 quarto
1286 2194 1478 2236 Chironis
1516 2208 1669 2236 nomen
1710 2195 1788 2236 cir-

299 2264 593 2319 cumscriptum
639 2268 716 2306 est.
792 2264 874 2312 Qui
925 2267 1144 2319 postquam
1195 2264 1236 2304 in
1277 2279 1314 2306 v.
1364 2265 1442 2305 102
1492 2278 1569 2306 suo
1619 2263 1786 2306 nomine

296 2331 556 2374 introductus
596 2335 682 2384 est,
732 2332 774 2373 in
813 2345 851 2375 V.
885 2333 965 2373 103
1004 2332 1284 2387 appellatione
1325 2331 1562 2384 Κενταύρου
1604 2336 1786 2373 notatur.

297 2398 461 2441 Deinde
492 2401 534 2442 in
565 2415 603 2444 v,
627 2402 706 2442 115
740 2400 907 2456 quidem
939 2404 1063 2456 poeta
1092 2400 1144 2442 ad
1174 2415 1327 2443 nomen
1359 2395 1573 2455 proprium
1595 2399 1786 2442 Chironis

297 2468 519 2508 revertitur
568 2470 755 2523 epitheto
808 2469 1007 2521 Κρονίδας
1060 2468 1223 2518 addito,
1284 2468 1359 2510 sed
1415 2469 1606 2509 molestia
1665 2468 1786 2509 huius

300 2535 580 2589 repetitionis,
611 2549 862 2591 quamquam
891 2536 1000 2578 intra
1030 2536 1137 2578 idem
1170 2539 1351 2591 systema
1380 2536 1445 2589 fit,
1478 2549 1527 2578 eo
1558 2536 1786 2590 mitigatur,

299 2602 410 2656 quod
459 2603 530 2645 illa
589 2605 896 2647 circumlocutio
955 2605 1202 2660 interposita
1263 2608 1335 2646 est.
1417 2598 1684 2646 Postremum
1742 2605 1784 2644 in

299 2686 338 2712 v.
392 2671 471 2712 119
523 2671 678 2715 Chiron
728 2674 999 2729 exquisitiore
1059 2673 1233 2715 artificio
1287 2672 1379 2727 Φήρ
1429 2676 1542 2722 θεῖος
1601 2676 1781 2714 vocatur.

297 2738 494 2794 Accedit,
537 2741 650 2796 quod
687 2743 728 2784 in
758 2744 941 2786 carmine
971 2743 1151 2798 Pythico
1183 2756 1292 2784 nono
1325 2743 1533 2784 Pindarus
1563 2746 1784 2796 postquam

298 2809 340 2850 in
369 2821 407 2848 V.
428 2809 481 2849 29
513 2822 537 2850 a
565 2808 757 2853 Chironis
786 2811 954 2853 nomine
975 2811 1141 2866 proprio
1165 2825 1347 2853 exorsus
1363 2815 1437 2864 est,
1461 2811 1501 2851 in
1524 2823 1560 2850 V.
1583 2811 1635 2850 30
1657 2808 1785 2862 Apol-

298 2876 423 2917 linem
454 2878 697 2930 cognomine
729 2879 921 2932 Φιλυρίδα
950 2880 1067 2920 illum
1100 2880 1352 2921 salutantem
1383 2878 1503 2919 finxit
1535 2881 1575 2917 et
1604 2877 1645 2916 in
1672 2889 1709 2916 V.
1730 2876 1784 2916 38

301 2943 456 2986 Chiron
478 2942 709 3000 Κένταυρος
732 2947 905 3002 ζαμενής
925 2947 1087 2990 dicitur.
1132 2948 1358 2989 Praeterea
1379 2946 1569 2988 carminis
1586 2943 1784 2986 Nemeaei
