2139 3299
371 241 421 284 18
1058 237 1176 295 [256]

368 368 523 409 lanceis
554 367 825 410 frementium
857 366 1157 419 Aeacidarum)
1190 381 1326 423 neque
1356 367 1395 408 in
1430 382 1464 410 v,
1488 370 1555 420 50,
1586 368 1656 410 ubi
1688 370 1865 413 insulam

367 436 536 478 nomine
566 437 736 492 proprio
765 435 929 487 affatur,
960 434 1152 489 pluribus
1185 435 1323 477 verbis
1353 436 1394 477 in
1425 436 1552 478 laude
1583 437 1672 480 eius
1703 440 1865 492 praedi-

368 504 503 546 canda
542 506 809 557 immoratur3
851 517 996 545 verum
1032 503 1073 544 in
1115 503 1199 544 fine
1240 503 1432 545 carminis
1474 504 1865 551 circumlocutiones

368 587 454 614 non
485 572 610 614 modo
641 574 749 614 inter
779 585 844 625 se,
876 571 948 613 sed
983 572 1107 612 etiam
1139 571 1192 612 ab
1224 571 1311 624 his,
1353 585 1460 626 quae
1490 576 1614 615 antea
1651 573 1867 617 adhibitae

370 646 511 695 erant,
548 641 737 683 diversae
768 639 1049 681 cumulantur.
1110 638 1277 681 Etenim
1318 644 1538 695 postquam
1578 640 1784 684 Pindarus
1823 644 1864 685 in

371 723 408 752 v.
440 710 509 762 83,
539 714 585 750 ut
606 708 718 750 Iovis
741 707 913 750 deorum
934 707 1045 762 regis
1076 707 1168 748 laus
1200 706 1369 748 δάπεδον
1388 705 1437 748 ἂν
1458 707 1547 749 τόδε
1569 708 1866 764 celebraretur,

371 779 544 820 chorum
577 777 642 818 vel
671 790 717 818 se
747 777 884 830 ipsum
924 769 1164 828 admonuit,
1204 775 1274 816 ubi
1304 776 1443 817 verbis
1473 775 1650 818 δάπεδον
1679 775 1729 817 ἂν
1759 777 1863 829 τόδε,

372 858 466 886 cum
499 845 604 887 haec
635 843 716 884 oda
748 843 938 898 Aeginae
970 846 1137 884 cantata
1167 843 1242 896 sit,
1284 843 1394 884 hanc
1435 844 1611 885 insulam
1641 845 1866 899 significari

369 913 492 954 facile
531 912 807 967 perspicitur,
848 911 889 952 in
925 925 963 953 V.
995 912 1048 953 85
1081 911 1271 952 Aeacum
1309 912 1497 953 nominat
1536 911 1607 969 ἓᾷῐ
1650 913 1866 966 πολίαρχον

371 979 567 1037 εὐωνύμῳ
609 978 753 1036 πάτρᾳ.
813 979 943 1019 Aeaci
985 983 1125 1020 autem
1165 979 1300 1034 patria
1340 984 1429 1021 erat
1468 979 1656 1035 Aegina,
1701 994 1784 1034 qua
1822 981 1863 1022 in

369 1048 506 1091 insula
523 1048 718 1103 Iuppiter
739 1061 835 1089 eum
855 1062 906 1089 ex
929 1047 1114 1103 nympha
1131 1048 1295 1101 Aegina
1316 1053 1532 1102 genuerat.
1574 1048 1670 1090 Huc
1690 1049 1866 1104 accedit,

373 1117 486 1173 quod
528 1121 655 1173 poeta
694 1115 746 1157 ad
789 1115 1004 1158 fortunam
1033 1116 1262 1158 secundam
1292 1117 1437 1159 victori
1468 1130 1493 1158 a
1524 1116 1584 1158 dis
1615 1118 1865 1172 precandam

372 1189 581 1228 transiens
614 1184 845 1239 Sogenem,
887 1185 921 1226 si
951 1185 1119 1239 quidem
1151 1185 1356 1226 Hercules
1388 1190 1499 1226 esset
1528 1186 1662 1227 bonus
1693 1187 1866 1238 vicinus,

372 1256 480 1296 inter
511 1253 687 1295 delubra
717 1253 842 1294 huius
873 1252 939 1294 dei
973 1252 1143 1294 domum
1181 1253 1406 1295 habentem
1427 1253 1622 1296 «feliciter
1661 1254 1867 1308 προγόνων

372 1321 603 1376 εὖκτήμονα
634 1320 788 1371 ζαθέαν
817 1319 963 1374 ἀγυιάν
992 1321 1277 1362 habitaturum
1308 1335 1402 1362 esse
1432 1322 1474 1362 in
1503 1336 1540 1363 V.
1567 1324 1620 1363 92
1650 1323 1863 1378 praedicit.

372 1391 455 1440 Qui
487 1391 604 1432 vicus
634 1390 717 1430 iam
748 1389 819 1430 diu
850 1402 875 1430 a
895 1389 1063 1430 victoris
1094 1390 1322 1431 maioribus
1350 1390 1546 1431 obtentus
1567 1398 1679 1432 certe
1701 1392 1866 1446 Aegina

366 1458 654 1514 intellegenda
687 1463 773 1509 est,
809 1457 1054 1513 praesertim
1088 1471 1195 1512 quae
1225 1465 1398 1513 propter
1438 1459 1689 1514 templorum
1728 1459 1866 1501 multi-

371 1528 556 1570 tudinem
588 1527 818 1569 rectissime
848 1526 1084 1582 appelletur
1104 1527 1303 1581 opulenta
1324 1532 1366 1568 et
1389 1527 1541 1581 divina,
1572 1534 1617 1569 ut
1639 1528 1866 1570 Muellerus

373 1602 512 1639 monet
542 1597 583 1637 in
613 1593 958 1649 'Aegineticorum
990 1595 1096 1636 libro
1127 1609 1168 1650 p.
1204 1597 1294 1637 146.

507 1664 772 1718 Quamquam
790 1663 978 1718 pluribus
995 1664 1198 1718 exemplis
1214 1678 1268 1705 ex
1285 1664 1535 1706 carminibus
1551 1666 1591 1706 in
1604 1665 1863 1716 Aeginenses

371 1733 552 1774 victores
583 1731 726 1786 petitis
758 1731 987 1772 Pindarum
1018 1731 1180 1785 patriae
1211 1731 1376 1773 illorum
1416 1746 1567 1774 nomen
1608 1733 1757 1774 iterum
1789 1734 1865 1775 ite-

368 1814 543 1855 rumque
584 1799 709 1840 laude
749 1799 924 1840 affectae
965 1800 1253 1840 sollertissime
1295 1800 1478 1841 variasse
1516 1806 1659 1854 potest
1701 1801 1866 1843 demon-

367 1869 510 1922 strari,
567 1868 666 1910 satis
718 1867 817 1922 erit,
875 1868 908 1909 si
959 1868 1152 1909 carminis
1202 1866 1408 1909 Nemeaei
1458 1869 1617 1923 octavi,
1667 1871 1738 1926 qui
1785 1871 1867 1913 huc

371 1943 575 1994 spectant,
607 1938 723 1979 locos
754 1937 1063 1991 protulerimus,
1095 1937 1164 1991 qui
1190 1951 1284 1978 cum
1305 1937 1429 1978 facile
1449 1938 1758 1992 intellegantur,
1783 1955 1866 1982 non

371 2012 500 2063 egent
531 2007 827 2062 explicatione.
889 2006 1122 2061 Postquam
1157 2006 1262 2047 enim
1295 2005 1335 2046 in
1365 2020 1405 2048 v.
1437 2008 1461 2048 6
1495 2006 1614 2049 huius
1646 2007 1765 2060 odae,
1796 2009 1866 2050 ubi

370 2076 525 2131 legitur
558 2073 657 2124 Διὸς
689 2075 857 2127 Αἰγίνας
888 2091 930 2115 τε
962 2072 1137 2126 λέκτρον,
1168 2074 1351 2129 nympha
1383 2088 1458 2129 pro
1489 2075 1625 2117 insula
1656 2077 1867 2119 nominata

369 2150 458 2198 est,
504 2158 599 2185 cum
644 2148 865 2198 utramque
911 2144 1110 2185 rationem
1156 2143 1272 2198 lyrici
1315 2142 1568 2185 confundere
1608 2149 1649 2185 et
1691 2146 1866 2188 miscere

368 2213 558 2264 soleant,
596 2213 637 2253 in
668 2227 706 2255 v.
741 2214 761 2253 7
796 2214 964 2252 Aeacus
1002 2212 1177 2265 antiqua
1207 2212 1368 2252 insulae
1399 2212 1678 2266 appellatione
1708 2214 1867 2255 adscita

370 2280 524 2322 dicitur
565 2279 747 2330 Οἰνώνας
775 2278 971 2333 βασιλεύς.
1033 2277 1082 2320 In
1124 2294 1164 2321 v.
1208 2280 1258 2320 13
1301 2285 1442 2321 autem
1483 2279 1673 2334 Aeginae
1713 2296 1867 2324 nomen

366 2348 584 2390 locutione
624 2347 757 2397 πόλιος
796 2347 896 2401 ὑπὲρ
937 2348 1079 2402 φίλας,
1120 2353 1161 2390 et
1200 2349 1240 2389 in
1280 2362 1316 2390 v.
1353 2350 1406 2389 46
1446 2348 1584 2389 verbis
1623 2353 1695 2390 σεῦ
1733 2349 1867 2408 πάτρᾳ

372 2416 571 2459 variatur.

507 2485 592 2527 Sed
625 2489 672 2526 ut
702 2498 756 2526 ne
785 2485 826 2526 in
866 2485 1015 2527 ceteris
1057 2484 1224 2541 quidem
1265 2486 1515 2528 carminibus
1554 2486 1593 2527 in
1635 2486 1867 2542 Aeginetas

367 2555 616 2609 conscriptis
646 2555 817 2595 victoris
856 2555 1033 2609 patriam
1073 2555 1182 2595 intra
1223 2568 1351 2596 unum
1391 2561 1577 2610 systema
1616 2555 1677 2596 bis
1719 2555 1866 2597 eodem

365 2623 534 2666 nomine
555 2622 809 2679 appellatam
836 2635 927 2665 esse
948 2623 1235 2680 perspiciatur,
1267 2624 1391 2665 etiam
1413 2623 1593 2680 reliquas
1616 2637 1724 2680 quae
1752 2622 1865 2679 apud

366 2693 599 2734 Pindarum
638 2692 837 2746 leguntur
866 2692 1058 2746 Aeginae
1098 2693 1402 2747 appellationes
1441 2692 1737 2736 describemus.
1799 2693 1864 2734 Ita

364 2761 519 2817 legitur

504 2912 515 2934 ¹
547 2910 605 2944 Ita
629 2909 861 2945 scribendum
888 2921 966 2944 esse
984 2914 1070 2955 puto
1089 2922 1169 2944 cum
1188 2910 1395 2944 Hermanno
1415 2915 1482 2945 etc.
1502 2909 1563 2952 (cf.
1581 2909 1621 2944 Τ.
1642 2908 1865 2952 Mommsen).
