2139 3299
869 270 987 325 [249]
1622 271 1670 310 11

186 412 311 453 quam
352 398 489 440 denuo
531 399 692 453 Pythus
740 398 996 439 mentionem
1040 398 1152 440 facit.
1225 396 1333 437 Nam
1375 394 1514 450 μυχόν
1558 396 1673 437 illum

186 465 393 520 μαντήϊον,
434 480 558 522 quem
587 465 741 521 Apollo
783 465 902 518 colit,
942 464 1269 518 intellegendum
1304 478 1396 506 esse
1427 464 1676 521 Pythonem,

186 535 338 589 quippe
377 548 458 589 qua
497 536 538 575 in
577 534 679 585 urbe
722 538 832 574 esset
873 533 1144 574 clarissimum
1187 533 1309 574 huius
1350 533 1417 574 dei
1454 532 1676 584 oraculum,

186 616 307 645 nemo
338 603 521 659 negabit.

322 671 483 713 Eadem
517 672 733 725 diligentia
765 671 1014 721 Pindarum,
1053 685 1107 712 ne
1150 671 1385 727 Pythonem
1428 671 1488 711 bis
1527 671 1676 711 eodem

189 740 353 781 nomine
396 744 586 792 vocaret,
628 739 778 779 vitasse
819 739 1098 790 inveniemus,
1137 739 1172 780 si
1213 737 1265 779 ad
1306 751 1472 780 carmen
1512 742 1676 779 sextum

188 808 537 851 considerandum
560 808 819 850 accedemus.
865 807 974 849 Nam
994 808 1076 848 iam
1097 808 1137 848 in
1156 823 1195 849 v.
1214 811 1237 849 3
1261 808 1332 849 illa
1353 809 1451 849 urbs
1467 808 1677 849 locutione

186 878 321 919 minus
365 878 518 919 usitata
565 877 794 930 insignitur.
855 873 1065 931 Ὀμφαλός
1113 875 1224 917 enim
1269 873 1480 929 ἐριβρόμου
1521 868 1676 929 χθονός

187 947 354 1002 proprie
384 946 552 1001 quidem
581 946 686 1001 lapis
720 949 781 986 est
810 944 984 1000 Delphis
1023 945 1064 985 in
1096 958 1213 986 sacro
1244 946 1359 997 loco,
1406 944 1475 999 qui
1515 943 1677 985 medius

189 1015 333 1056 mundi
354 1015 535 1057 universi
557 1014 801 1072 habebatur,
832 1014 1006 1068 positus,
1028 1027 1172 1054 verum
1195 1014 1259 1054 hic
1281 1027 1363 1054 non
1383 1013 1454 1053 ille
1475 1013 1580 1068 lapis
1603 1012 1673 1053 sed

187 1083 326 1139 Pytho
357 1083 551 1136 universe
581 1082 862 1135 intellegenda
895 1087 970 1123 est.
1020 1082 1134 1122 Ante
1156 1082 1386 1123 Pindarum
1407 1085 1547 1138 autem
1568 1080 1675 1122 hanc

187 1151 512 1207 appellationem
538 1164 746 1205 nusquam
766 1150 819 1191 ad
840 1150 986 1191 urbem
1007 1150 1198 1205 Delphos
1220 1150 1465 1191 translatam
1484 1149 1675 1203 legimus,

187 1234 281 1261 cum
311 1220 422 1275 apud
452 1219 689 1262 Homerum
719 1217 907 1274 ὀμφαλός
936 1219 1100 1260 nonnisi
1137 1219 1189 1260 de
1228 1219 1441 1260 hominum
1482 1217 1676 1259 umbilico

187 1288 407 1345 medioque
439 1292 651 1331 scutorum
694 1288 786 1331 loco
826 1287 1024 1330 eminenti
1070 1287 1230 1330 dicatur
1270 1290 1311 1328 et
1347 1286 1476 1329 semel
1514 1290 1677 1328 tantum

188 1360 231 1399 in
252 1358 443 1413 Odyssea
471 1358 494 1398 I
515 1359 569 1398 50
598 1357 803 1412 Calypsus
835 1357 1046 1412 nymphae
1077 1357 1212 1397 insula
1233 1356 1409 1411 Ortygia
1440 1355 1678 1396 nominetur

189 1424 370 1481 ὀμφαλὸς
383 1424 605 1480 θαλάσσης.
631 1425 781 1481 Itaque
798 1425 1137 1467 verisimillimum
1158 1438 1251 1467 esse
1268 1424 1433 1466 videtur
1447 1422 1677 1465 Pindarum

188 1495 256 1536 vel
277 1495 403 1536 alium
424 1498 593 1549 poetam
614 1494 786 1549 lyricum
809 1494 990 1549 primum
1010 1493 1089 1535 hac
1109 1493 1320 1534 locutione
1341 1492 1503 1547 Pythus
1524 1504 1674 1532 nomen

189 1564 393 1612 variasse,
434 1568 480 1603 ut
516 1563 649 1604 maior
689 1562 766 1603 sibi
803 1562 965 1604 dicendi
995 1563 1117 1616 copia
1159 1567 1418 1616 suppeteret.
1479 1559 1602 1608 Quod
1641 1560 1675 1600 si

189 1644 335 1672 verum
356 1630 421 1683 sit,
442 1629 498 1684 id,
521 1629 632 1685 quod
653 1630 770 1671 initio
793 1630 1028 1683 statuimus,
1050 1629 1198 1670 mirum
1220 1629 1261 1670 in
1284 1628 1455 1670 modum
1475 1629 1675 1678 firmetur,

189 1714 284 1741 cum
329 1713 382 1741 ex
425 1700 505 1741 hoo
549 1700 814 1754 potissimum
859 1705 1081 1754 appareat,
1138 1699 1286 1753 quibus
1332 1698 1515 1740 artificiis
1560 1697 1677 1752 lyrici

187 1768 480 1824 repetitionem
503 1768 690 1810 eiusdem
710 1768 886 1810 nominis
904 1767 1137 1810 vitaverint.
1175 1767 1215 1809 N
1219 1781 1265 1809 ec
1281 1767 1415 1808 minus
1431 1768 1472 1809 in
1491 1781 1532 1809 v.
1552 1767 1677 1820 8-9,

189 1838 261 1878 ubi
291 1838 465 1891 legimus
495 1839 538 1878 ἒν
562 1837 799 1894 πολυχρύσῳ
830 1837 1086 1894 Ἀπολλωνίᾳ
1108 1836 1229 1894 νάπᾳ,
1260 1837 1421 1893 Pythus
1443 1851 1610 1888 nomen,
1634 1840 1680 1876 ut

187 1906 267 1947 iam
288 1910 413 1947 antea
433 1905 663 1959 docuimus,
685 1920 760 1961 per
781 1905 979 1960 ambages
999 1904 1208 1947 redditum
1224 1909 1300 1957 est,
1324 1919 1413 1947 cum
1431 1904 1677 1960 praesertim

190 1974 259 2014 illa
303 1974 402 2014 urbs
445 1979 620 2029 propter
670 1975 822 2016 multos
871 1974 1092 2015 thesauros
1130 1974 1187 2015 ibi
1229 1963 1464 2016 exstructos
1505 1977 1678 2029 perapte

189 2042 349 2083 dicatur
399 2042 489 2083 auri
541 2042 677 2099 plena.
746 2042 828 2084 Sed
878 2043 959 2084 iam
1007 2043 1048 2083 in
1088 2056 1127 2085 v,
1171 2044 1222 2084 18
1262 2041 1472 2083 Pindarus
1514 2041 1677 2097 Pythus

188 2123 338 2151 nomen
387 2110 576 2152 sollerter
624 2112 681 2152 ita
733 2111 930 2165 variavit,
981 2117 1026 2152 ut
1076 2124 1240 2152 carmen
1286 2124 1406 2151 suum
1448 2110 1678 2165 gloriosam

188 2194 307 2222 curru
361 2184 520 2234 partam
570 2181 783 2222 victoriam
833 2182 1041 2232 Κρισαίαις
1092 2181 1146 2221 ἐνὶ
1196 2184 1368 2233 πτυχαῖς
1416 2179 1679 2221 sermonibus

189 2248 400 2291 hominum
431 2248 775 2291 denuntiaturum
806 2263 898 2291 esse
930 2254 1108 2291 caneret.
1168 2248 1316 2304 Neque
1347 2249 1458 2290 enim
1489 2247 1678 2290 Crisseae

186 2318 281 2359 illae
301 2318 432 2359 valles
456 2318 535 2359 hoc
557 2318 723 2373 quidem
745 2317 838 2360 loco
860 2318 1089 2373 quidquam
1110 2317 1220 2358 aliud
1243 2331 1334 2359 esse
1357 2322 1531 2373 possunt
1556 2330 1678 2371 quam

187 2385 416 2442 Delphicae
446 2387 659 2429 convalles
690 2387 776 2428 sive
798 2386 936 2442 Pytho
956 2385 1060 2441 ipsa,
1092 2400 1186 2427 cum
1206 2390 1318 2428 certe
1341 2399 1425 2427 non
1449 2385 1615 2427 Orissae
1635 2386 1677 2426 in

188 2455 293 2496 urbe
305 2455 452 2506 vicina,
470 2455 540 2496 sed
554 2455 741 2511 Delphis,
758 2455 829 2496 ubi
845 2454 1074 2496 certamina
1089 2454 1267 2507 fuerant,
1283 2455 1391 2495 inter
1406 2454 1678 2496 comissantes

187 2524 339 2564 amicos
360 2522 495 2577 gloria
515 2524 682 2566 victoris
699 2523 920 2565 Pindarico
944 2524 1126 2564 carmine
1150 2523 1443 2565 celebraretur.
1491 2522 1679 2570 Quanto·

186 2605 285 2647 pere
316 2596 455 2632 autem
485 2605 616 2633 novas
648 2592 1033 2634 circumlocutiones
1064 2596 1189 2646 poeta
1220 2592 1262 2633 in
1291 2592 1449 2633 deliciis
1472 2590 1679 2644 habuerit,

189 2660 369 2701 maxime
401 2674 456 2701 ex
487 2673 536 2701 eo
568 2661 787 2715 colligitur,
826 2660 937 2715 quod
969 2674 1021 2702 ne
1051 2660 1091 2699 in
1123 2673 1161 2701 V.
1194 2662 1246 2701 49
1288 2659 1458 2714 quidem
1494 2659 1680 2714 priorem

187 2728 511 2783 appellationem
532 2730 699 2784 repetit,
731 2728 806 2770 sed
826 2730 867 2769 ἕν
887 2732 1052 2782 μυχοῖσι
1083 2729 1282 2780 Πιερίδων
1313 2728 1376 2781 (in
1396 2726 1679 2783 penetralibus

187 2796 422 2850 Pieridum)
452 2797 682 2852 sapientiae
712 2797 861 2838 florem
889 2811 913 2837 a
945 2795 1208 2851 Thrasybulo
1240 2796 1394 2837 victore
1435 2794 1680 2850 decerptum

189 2878 283 2905 esse
313 2864 541 2919 praedicat.
590 2864 739 2920 Neque
770 2865 880 2906 enim
902 2864 1082 2906 dubitari
1102 2868 1257 2919 potest,
1288 2865 1384 2919 quin
1406 2878 1482 2919 pro
1504 2864 1680 2919 Delphis

190 2932 500 2988 elegantissime
553 2934 783 2990 penetralia
833 2933 1050 2976 Musarum
1099 2932 1324 2974 substituta
1373 2932 1477 2985 sint,
1528 2932 1680 2990 quippe
