2139 3299
974 264 1091 321 [261]
1724 266 1777 308 23

427 390 657 434 HIMERA
690 390 754 434 Ol.
785 390 875 433 XII
908 404 942 433 v.
973 392 999 433 2
1028 389 1180 444 Ἱμέραν
1210 389 1472 445 εὐρυσθενέα,
1503 404 1541 434 v.
1569 393 1618 433 19
1642 389 1783 444 θερμά

290 460 473 514 Νυμφᾶν
502 457 670 512 λουτροῖς

425 526 761 570 CORINTHUS
793 526 859 570 Ol.
890 526 1005 569 XIII
1044 543 1084 571 V.
1124 530 1232 570 4—5
1273 526 1346 570 ταν
1389 526 1526 581 ὀλβίαν
1560 527 1780 582 Κόρινθον,

289 594 468 646 Ἰσθμίου
507 594 717 647 πρόθυρον
761 598 1002 645 Ποσέιδᾶνος
1048 595 1337 648 ἀγλαόκουρον,
1389 611 1427 637 v.
1468 598 1521 637 50
1567 597 1779 654 Κορίνθῳ,

289 678 327 704 v.
359 664 412 705 59
445 664 487 705 ἒν
517 661 629 705 ἄστει
661 661 877 717 Πειράνας.

428 723 828 774 ORCHOMENOS
849 732 915 775 Ol.
932 732 1040 775 XIV
1056 748 1096 776 V.
1117 736 1141 775 4
1158 732 1410 788 Ἐρχομενοῦ,
1427 746 1463 773 V.
1483 734 1533 774 19
1551 731 1576 773 ἁ
1594 734 1781 775 Μινυεία.

427 800 511 842 Ubi
549 804 595 842 ut
632 800 838 843 Pindarus
881 815 1081 857 nusquam
1125 803 1234 844 intra
1274 816 1403 844 unum
1443 807 1627 858 systema
1670 802 1780 843 idem

291 883 443 910 nomen
463 870 670 923 repetivit,
692 871 750 911 ita
771 884 824 911 ne
848 885 902 911 ex
922 870 1090 925 reliquis
1112 870 1279 925 quidem
1301 871 1554 912 carminibus
1577 869 1781 912 eiusmodi

288 937 547 993 repetitionis
578 938 771 993 exempla
801 937 943 980 afferri
973 942 1161 993 possunt.

986 1109 1082 1163 §3.

426 1213 635 1262 Quoniam
668 1226 793 1269 quam
824 1212 950 1254 variis
981 1213 1331 1268 appellationibus
1359 1213 1566 1255 Pindarus
1598 1214 1780 1255 omnium

287 1282 375 1324 fere
405 1283 611 1323 victorum
632 1282 787 1337 patrias
807 1281 930 1322 urbes
953 1283 1175 1333 ornaverit,
1208 1282 1479 1331 ostendimus,
1510 1296 1620 1323 nunc
1641 1282 1782 1323 viden-

288 1351 386 1393 dum
419 1357 504 1404 est,
544 1365 642 1393 num
673 1351 713 1392 in
744 1350 879 1405 ipsis
910 1363 1078 1406 quoque
1110 1351 1422 1392 victoribus
1453 1350 1697 1403 laudandis,
1729 1365 1781 1392 ne

290 1420 440 1460 eodem
479 1420 646 1461 nomine
686 1419 748 1459 bis
787 1422 997 1470 uteretur,
1039 1418 1262 1472 diligenter
1302 1419 1472 1460 caverit.
1532 1418 1625 1466 Qua
1664 1419 1705 1459 in
1736 1432 1781 1459 re

290 1501 373 1528 non
403 1486 668 1538 mirabimur,
699 1487 733 1528 si
764 1501 844 1528 non
877 1486 1054 1528 eandem
1084 1486 1249 1528 dicendi
1280 1487 1518 1528 ubertatem
1558 1486 1781 1528 adsecutus

289 1560 375 1609 est,
415 1569 507 1596 cum
549 1559 675 1610 poeta
717 1555 886 1595 minime
927 1555 1106 1609 potuerit
1145 1568 1254 1595 nova
1285 1555 1491 1596 victorum
1530 1555 1779 1609 cognomina

286 1639 449 1680 parere.
520 1624 577 1665 At
619 1628 760 1665 tamen
801 1622 868 1664 hic
911 1637 1076 1678 quoque
1121 1624 1259 1678 legem
1300 1623 1414 1665 illam
1457 1623 1536 1665 sibi
1578 1627 1781 1664 statutam

288 1693 486 1745 servavit,
530 1706 623 1733 cum
664 1692 830 1733 nomina
871 1692 1040 1747 propria
1079 1692 1373 1747 patronymicis
1415 1697 1457 1733 et
1496 1693 1780 1734 locutionibus

289 1775 314 1801 a
334 1760 526 1801 vincendi
547 1760 673 1801 modo
694 1761 834 1814 petitis
857 1761 1050 1812 variaret,
1072 1760 1179 1801 adeo
1201 1765 1248 1801 ut
1270 1760 1443 1801 exordio
1466 1760 1552 1801 fere
1572 1774 1597 1801 a
1613 1761 1780 1801 nomine

289 1828 460 1869 victoris
491 1827 656 1883 proprio
699 1827 811 1869 facto
853 1841 946 1869 eum
985 1827 1125 1883 aliqua
1165 1828 1407 1869 circuitione
1445 1828 1699 1881 significaret
1739 1832 1781 1869 et

288 1897 479 1950 longiore
510 1896 749 1937 narratione
775 1896 1020 1950 interposita
1041 1895 1208 1937 easdem
1227 1900 1440 1950 repeteret
1460 1896 1779 1950 appellationes.

291 1965 428 2012 Quam
468 1964 521 2005 ad
551 1977 640 2005 rem
678 1965 845 2019 penitus
886 1963 1215 2020 perspiciendam
1257 1977 1340 2005 non
1387 1964 1569 2005 alienum
1613 1964 1781 2005 videtur

288 2033 433 2087 paucis
474 2033 526 2074 de
568 2033 870 2087 compositione
912 2032 1083 2073 Pindari
1123 2032 1352 2074 carminum
1394 2046 1530 2086 agere.
1590 2031 1656 2073 Ex
1697 2045 1779 2086 quo

291 2101 400 2142 enim
438 2104 627 2155 tempore
666 2099 880 2141 Rudolfus
913 2099 1139 2156 Westphal
1179 2104 1362 2142 veterem
1402 2100 1518 2141 illum
1548 2099 1782 2155 Terpandri

288 2169 409 2223 νόμον
459 2170 688 2211 carminum
744 2169 1000 2223 septifariam
1058 2169 1286 2211 divisorum
1337 2183 1389 2210 ex
1438 2169 1619 2224 quodam
1669 2167 1783 2222 apud

288 2238 507 2280 Pollucem
550 2238 644 2279 loco
686 2238 879 2293 repetivit
925 2241 966 2279 et
1012 2237 1142 2290 hanc,
1188 2252 1295 2293 quae
1340 2237 1437 2279 olim
1484 2236 1780 2293 antiquissimis

289 2307 426 2362 lyricis
459 2310 569 2348 certa
599 2307 667 2348 lex
696 2306 849 2359 fuerat,
880 2309 1095 2361 tamquam
1126 2320 1316 2347 normam
1343 2307 1468 2348 etiam
1492 2306 1545 2347 ab
1570 2305 1778 2361 Aeschylo

292 2376 333 2417 in
365 2375 534 2416 canticis
566 2379 693 2429 atque
724 2387 749 2414 a
778 2374 959 2415 Pindaro
991 2374 1032 2415 in
1064 2374 1153 2415 odis
1184 2375 1479 2430 componendis
1517 2375 1779 2416 observatam

287 2457 380 2485 esse
422 2443 656 2485 admirabili
693 2444 881 2485 acumine
919 2442 1243 2495 demonstravit,
1284 2443 1466 2485 dubitari
1506 2456 1587 2484 non
1626 2446 1780 2497 potest,

289 2512 387 2565 quin
418 2511 528 2554 inter
559 2511 741 2565 singulas
773 2511 1092 2552 Pindaricorum
1124 2512 1351 2552 carminum
1391 2515 1530 2566 partes
1562 2511 1780 2565 diligenter

289 2579 658 2621 internoscendum
688 2579 752 2620 sit.
812 2579 954 2634 Atque
987 2592 1237 2636 quamquam
1267 2592 1350 2620 non
1382 2578 1572 2620 omnibus
1611 2578 1652 2618 in
1690 2577 1780 2619 odis

289 2650 450 2701 septem
499 2647 595 2688 illae
647 2652 839 2689 accurate
891 2647 1111 2688 distinctae
1159 2650 1253 2688 sunt
1299 2651 1461 2701 partes,
1515 2650 1656 2687 tamen
1703 2646 1781 2688 hoc

288 2716 532 2771 plerumque
571 2716 706 2757 tenuit
745 2720 873 2771 poeta
913 2715 1289 2770 praeclarissimus,
1341 2719 1386 2756 ut
1427 2714 1544 2756 initio
1587 2714 1781 2756 carminis

292 2784 462 2826 victoris
492 2785 639 2826 laudes
669 2785 932 2840 praedicaret
962 2784 1024 2825 dis
1053 2784 1357 2825 immortalibus
1388 2797 1469 2825 non
1502 2797 1595 2824 raro
1627 2783 1782 2838 gratias

289 2867 415 2907 agens
447 2854 515 2895 vel
546 2867 699 2895 novam
729 2854 946 2895 victoriam
976 2854 1028 2894 ab
1058 2853 1107 2894 iis
1147 2866 1345 2907 precans,
1385 2851 1535 2894 deinde
1572 2853 1613 2892 in
1644 2851 1784 2893 media

286 2926 429 2975 parte,
473 2934 581 2977 quae
627 2923 724 2964 olim
765 2922 1062 2964 nominabatur
1103 2920 1123 2962 ὁ
1163 2921 1368 2977 ὀμφαλός,
1412 2921 1601 2978 pluribus
1643 2922 1783 2964 verbis
