2139 3299
356 267 411 310 30
1053 264 1169 320 [268]

494 395 621 452 Pyth.
643 393 755 436 VIII
778 409 816 437 v.
844 394 894 435 18
919 390 1191 441 Ἀπόλλωνος,
1213 404 1250 432 v.
1275 392 1322 432 61
1349 388 1581 445 ἓκοιταβόλε,
1605 405 1643 433 v.
1667 392 1718 432 67
1741 388 1861 443 ἄναξς

496 463 624 519 Pyth.
655 463 699 504 X
731 478 770 504 v.
805 464 857 503 10
880 459 1104 509 ”Απολλον,
1136 475 1174 500 v.
1206 461 1258 500 33
1292 462 1395 514 θεῷ,
1427 473 1465 500 V.
1493 461 1545 500 35
1578 458 1805 499 Ἀπόλλων.

497 531 547 573 In
593 532 774 573 carmine
817 528 995 585 Pythico
1042 531 1191 583 quarto
1249 524 1308 581 (v,
1353 527 1378 568 3
1421 525 1708 576 Λατοίδαισιν,
1755 540 1794 567 v.
1837 527 1862 568 5

360 600 641 648 Ἀπόλλωνος,
682 613 720 640 V.
753 601 806 639 54
840 599 1011 648 Φοῖβος,
1056 610 1094 636 v.
1127 597 1179 635 66
1213 594 1449 643 )Απόλλων,
1490 607 1526 634 V.
1558 595 1608 634 87
1648 593 1863 641 Ἀπόλλων,

360 682 397 710 v.
441 669 522 710 176
564 667 834 717 Ἀπόλλωνος,
879 679 916 707 v.
957 666 1039 707 259
1083 663 1316 714 Λατοίδας,
1360 677 1399 706 v.
1443 663 1526 705 294
1568 659 1865 717 Ἀπόλλωνος),

365 750 618 792 quamquam
650 737 691 776 in
729 735 866 775 media
903 733 1011 773 odae
1045 738 1165 787 parte
1200 732 1405 772 Pindarus
1448 735 1511 771 ter
1549 731 1662 771 nulla
1695 731 1865 771 circum-

364 805 576 846 locutione
622 803 871 858 interposita
921 801 974 842 ad
1020 815 1173 843 nomen
1218 800 1427 855 Apollinis
1478 798 1673 851 recurrit,
1724 802 1863 839 tamen

362 887 571 928 nunquam
603 872 800 926 repetitio
838 871 946 911 intra
986 883 1114 909 unum
1156 869 1354 923 idemque
1392 873 1579 923 systema
1619 868 1686 917 fit,
1708 880 1864 921 *neque

363 954 540 996 usquam
585 940 722 981 minus
769 951 893 994 quam
938 936 1046 978 duae
1093 936 1292 991 strophae
1338 936 1598 977 interiacent.
1674 933 1864 977 Eandem

366 1010 418 1051 ob
450 1022 620 1051 causam
651 1021 789 1063 neque
820 1008 863 1049 in
893 1006 1077 1048 carmine
1108 1005 1289 1060 Pythice
1320 1004 1488 1059 quinto,
1529 1003 1604 1044 ubi
1641 1003 1795 1057 legitur
1824 1003 1866 1042 in

362 1092 403 1119 v.
435 1078 483 1118 21
521 1075 802 1118 Ἀπολλώνιον
831 1073 1053 1128 (ἄθυρμα),
1095 1086 1134 1115 v.
1167 1074 1218 1114 37
1257 1075 1375 1121 θεοῦ,
1414 1085 1453 1113 v.
1494 1072 1548 1112 56
1587 1069 1606 1111 ὁ
1638 1068 1867 1124 ἀρχαγέτας

362 1143 593 1195 Ἀπόλλων,
624 1158 660 1185 V.
692 1145 858 1186 74—75
885 1140 1086 1182 ’Ἄπολλον
1108 1138 1308 1193 Καρνήϊε,
1338 1154 1378 1181 v.
1401 1141 1453 1180 97
1473 1137 1681 1193 χρυσάορα
1703 1140 1866 1192 Φοῖβον,

362 1226 499 1268 neque
540 1214 582 1253 in
625 1211 841 1254 Nemeaeo
882 1211 1055 1265 quinto,
1106 1209 1179 1250 ubi
1226 1214 1267 1249 et
1311 1208 1352 1248 in
1396 1221 1433 1248 V.
1477 1209 1531 1248 24
1572 1212 1613 1248 et
1651 1207 1690 1248 in
1733 1220 1770 1248 v.
1812 1208 1867 1247 44

363 1280 524 1322 nudum
558 1280 764 1336 Apollinis
799 1293 949 1320 nomen
984 1282 1137 1328 exstat,
1171 1277 1347 1318 molesta
1379 1280 1442 1318 est·
1467 1274 1654 1318 eiusdem
1684 1273 1866 1330 appella-

364 1350 488 1391 tionis
521 1349 727 1404 repetitio.

502 1417 634 1457 Simili
666 1415 1079 1456 circumlocutionum
1123 1413 1246 1468 copia
1279 1410 1488 1452 Pindarus
1527 1425 1625 1452 usus
1667 1417 1752 1464 est,
1796 1411 1867 1452 ubi

365 1484 692 1526 NEPTUNUM
723 1485 817 1539 plus
847 1483 977 1524 semel
1008 1481 1372 1533 commemoravit,
1414 1481 1570 1535 quippe
1611 1481 1728 1521 cuius
1772 1494 1865 1522 cum

366 1554 468 1594 mari
513 1558 556 1595 et
597 1554 722 1594 rebus
758 1552 978 1593 navalibus
1017 1551 1124 1592 ratio
1169 1556 1211 1590 et
1251 1548 1514 1590 necessitudo
1549 1549 1762 1602 ingentem
1804 1562 1868 1590 co-

367 1622 607 1677 gnominum
655 1620 872 1662 cumulum
915 1618 1216 1674 suppeditaret.
1284 1617 1436 1671 Itaque
1475 1630 1568 1657 cum
1607 1617 1648 1657 in
1690 1618 1871 1658 carmine

366 1691 588 1747 Olympico
637 1690 792 1745 primo,
839 1687 1045 1743 quomodo
1091 1686 1313 1741 Neptunus
1361 1685 1558 1740 Pelopem
1606 1699 1867 1740 summopere

366 1760 564 1801 dilectum
611 1760 650 1800 in
697 1757 979 1813 Hippodamia
1023 1769 1152 1797 uxore
1194 1754 1399 1809 potiunda
1446 1753 1688 1807 adiuvaret,
1740 1754 1867 1809 pluri-

368 1828 445 1869 bus
476 1828 614 1869 verbis
659 1832 783 1882 poeta
826 1830 1077 1881 persecutus
1120 1824 1194 1876 sit,
1236 1823 1278 1864 in
1322 1837 1361 1865 v.
1394 1824 1562 1865 25—26
1603 1823 1674 1864 ille
1718 1823 1869 1863 dicitur

364 1896 625 1949 μεγασθενής
667 1895 857 1949 γαιάοχος
892 1895 1103 1942 Ποσειδᾶν,
1146 1892 1218 1932 sed
1251 1892 1292 1931 in
1326 1905 1363 1933 v.
1400 1893 1454 1932 40
1495 1891 1678 1932 eiusdem
1719 1905 1867 1932 nomen

364 1978 441 2019 per
471 1964 670 2019 ambages
703 1964 915 2006 redditum
947 1968 1023 2005 est.
1075 1961 1242 2004 Etenim
1274 1961 1599 2014 Ἀγλαοτρίαιναν
1627 1961 1867 2016 Neptunum

365 2047 469 2083 esse,
501 2047 753 2088 quamquam
795 2046 1000 2087 nusquam
1032 2031 1131 2072 alibi
1161 2031 1241 2071 boc
1263 2044 1499 2084 cognomen
1532 2030 1570 2071 ei
1594 2029 1767 2070 inditum
1792 2035 1869 2081 est,

365 2108 504 2144 tamen
548 2116 641 2143 cum
689 2102 850 2143 tridens
893 2101 946 2142 sit
990 2101 1195 2141 sollemne
1243 2099 1366 2140 huius
1409 2099 1475 2139 dei
1518 2099 1704 2153 signum,
1749 2097 1872 2138 facile

365 2171 630 2225 perspicitur.
686 2170 818 2211 Simili
849 2175 890 2210 et
920 2168 1033 2223 quod
1066 2168 1178 2222 apud
1210 2167 1313 2209 alios
1344 2172 1493 2222 poetas
1514 2166 1667 2207 frustra
1690 2180 1870 2221 quaeras

368 2239 536 2280 nomine
571 2237 781 2278 Pindarus
813 2238 852 2278 in
888 2251 926 2277 v.
961 2236 1126 2277 72-73
1162 2235 1408 2290 Neptunum
1440 2235 1614 2286 ornavit,
1655 2248 1747 2274 cum
1779 2247 1872 2274 eum

363 2305 619 2360 βαρύκτυπον
671 2306 908 2356 Εὐτρίαιναν
949 2305 1118 2345 diceret.
1179 2303 1346 2344 Deinde
1389 2306 1611 2358 postquam
1652 2302 1691 2341 in
1733 2315 1770 2341 v.
1818 2302 1869 2341 75

365 2375 596 2430 Pelopem,
644 2374 713 2429 qui
746 2373 797 2414 ab
827 2374 923 2421 illo,
953 2378 1000 2414 ut
1031 2372 1110 2414 sibi
1142 2371 1309 2413 adesset
1342 2373 1383 2412 in
1413 2385 1546 2412 uxore
1577 2369 1872 2424 comparanda,

363 2445 524 2500 petivit,
562 2444 687 2485 deum
710 2442 992 2497 appellatione
1018 2442 1243 2483 Ποσείδαον
1264 2440 1518 2482 salutantem
1545 2439 1658 2490 fecit,
1680 2438 1720 2480 in
1742 2452 1780 2480 v,
1804 2439 1870 2491 86,

363 2528 414 2556 ne
435 2514 573 2555 denuo
600 2513 711 2554 idem
735 2525 891 2553 nomen
919 2516 1193 2566 repeteretur,
1225 2509 1446 2565 Neptunus
1467 2508 1707 2562 simpliciter
1735 2507 1869 2548 dictus

364 2588 429 2623 est
462 2582 569 2631 θεός.
633 2582 751 2622 Item
782 2581 821 2621 in
857 2581 1037 2621 carmine
1070 2578 1287 2633 Olympico
1320 2578 1445 2618 tertio
1477 2577 1637 2616 decimo
1668 2575 1874 2616 Pindarus

364 2656 585 2706 postquam
641 2651 681 2691 in
724 2664 762 2689 v,
804 2651 913 2689 4-5
955 2661 1132 2689 exorsus
1174 2653 1235 2687 est
1276 2646 1327 2686 ab
1368 2644 1651 2700 appellatione
1695 2642 1872 2695 Ἰσθμίου

368 2721 632 2768 Ποσειδᾶνος,
664 2745 715 2750 -
753 2718 794 2758 in
826 2718 986 2758 Isthmo
1018 2716 1151 2768 enim,
1182 2715 1254 2756 ubi
1286 2714 1407 2755 tertio
1443 2726 1611 2768 quoque
1641 2725 1752 2753 anno
1784 2710 1874 2751 ludi

363 2788 670 2842 apparatissimi
704 2788 744 2827 in
779 2786 985 2826 honorem
1011 2785 1099 2825 eius
1123 2783 1369 2834 edebantur,
1401 2781 1626 2835 Neptunus
1647 2779 1872 2834 praecipue

363 2852 582 2896 colebatur
618 2878 663 2882 —
703 2855 745 2896 in
779 2868 820 2896 v.
852 2855 906 2894 39
936 2851 1103 2907 quidem
1135 2865 1220 2893 non
1260 2850 1420 2892 adiecto
1463 2848 1671 2891 adiectivo
1694 2845 1876 2898 Ἴσθμιος

363 2921 415 2964 ad
438 2922 547 2965 idem
573 2937 725 2966 nomen
756 2921 992 2972 revertitur,
1018 2919 1091 2962 sed
1115 2933 1208 2961 cum
1229 2932 1359 2960 unum
1381 2923 1568 2972 systema
1591 2920 1632 2957 et
1655 2914 1872 2957 dimidium
