2139 3299
376 260 430 300 34
1064 253 1185 312 [272]

377 399 500 440 quem
531 385 638 427 alter
669 398 814 427 eorum
839 384 1167 426 immortalitatis
1191 398 1343 440 expers
1365 385 1498 428 factus
1520 393 1622 435 erat,
1655 387 1872 442 significat,

374 455 415 495 in
448 467 483 495 V.
517 455 684 495 49-50
724 453 873 494 fratres
912 454 998 494 suis
1038 453 1278 494 nominibus
1324 452 1504 507 Κάστωρ
1541 460 1584 496 et
1619 456 1874 510 Πολυδεύκης

377 529 596 564 vocantur.
658 521 743 563 Sed
775 522 914 563 statim
947 522 986 562 in
1009 535 1047 563 v,
1074 523 1128 563 54
1149 521 1356 562 Pindarus
1378 524 1546 564 nomina
1568 538 1713 566 eorum
1734 525 1872 566 denuo

374 605 451 647 per
482 591 701 632 circuitum
731 591 791 631 ita
811 590 1004 643 reddidit,
1038 595 1084 630 ut
1115 589 1209 631 illos
1241 593 1356 630 θεῶν
1386 589 1496 641 γένος
1519 586 1689 633 diceret.
1737 592 1873 634 Verus

378 662 488 702 enim
530 660 832 701 Dioscurorum
877 664 999 712 pater
1049 662 1138 700 erat
1178 658 1369 713 Iuppiter
1412 657 1517 713 ipse.
1578 660 1716 715 Adde,
1761 661 1870 716 quod

373 731 597 782 postquam
636 731 764 781 poeta
801 727 842 765 in
873 739 912 766 v.
941 728 1019 776 59,
1064 739 1159 766 cum
1190 740 1213 766 a
1245 739 1354 766 novo
1395 733 1623 780 systemate
1661 729 1872 783 inceperit,

373 796 635 849 singulorum
679 793 858 835 fratrum
898 793 1067 835 nomina
1099 793 1319 848 repetivit,
1358 794 1397 834 in
1430 809 1471 836 v.
1505 797 1558 837 66
1589 797 1870 851 appellatione

375 879 400 905 a
431 869 562 905 matre
593 863 792 903 arcessita
823 861 975 902 Pollux
1021 861 1156 902 dictus
1201 866 1263 903 est
1302 860 1446 919 Λήδας
1486 868 1588 912 παῖς.
1650 865 1777 912 Cuius
1818 866 1870 906 ad

379 947 531 974 nomen
576 931 788 987 proprium
834 944 1085 986 quamquam
1129 930 1337 972 Pindarus
1384 931 1425 972 in
1467 945 1503 972 v,
1543 934 1596 974 68
1640 934 1872 987 revertitur,

374 1007 421 1042 ut
452 1000 644 1055 repetitio
685 999 793 1040 intra
830 1013 961 1040 unum
996 999 1187 1053 idemque
1228 1004 1412 1054 systema
1451 1000 1547 1051 fiat,
1593 1006 1731 1042 tamen
1779 1016 1870 1043 cum

375 1069 687 1111 circumlocutio
731 1067 802 1108 illa
848 1066 1022 1120 ,,Αη’δας
1063 1067 1179 1117 παῖς“
1225 1068 1466 1122 interposita
1504 1069 1576 1122 sit,
1631 1070 1710 1111 hoc
1754 1085 1870 1112 suam

374 1138 502 1178 habet
533 1137 862 1178 excusationem.
905 1135 1153 1176 Evidentius
1184 1149 1302 1186 vero,
1333 1142 1535 1190 quantum
1567 1137 1691 1179 fuerit
1719 1144 1870 1193 poetae

375 1205 558 1246 studium
590 1218 795 1245 novorum
828 1203 1122 1258 epithetorum,
1155 1218 1210 1245 ex
1241 1217 1279 1246 V.
1304 1206 1356 1245 73
1387 1204 1535 1246 elucet.
1580 1205 1744 1248 Etenim
1777 1220 1871 1248 cum

373 1274 589 1315 Pollucem
631 1273 681 1313 ad
725 1272 970 1323 Castorem,
1015 1273 1084 1325 qui
1133 1286 1263 1325 grave
1310 1272 1462 1313 vulnus
1508 1274 1560 1314 ab
1603 1275 1870 1328 Apharetidis

374 1352 609 1395 acceperat,
640 1340 846 1394 supplicio
879 1340 930 1381 de
961 1340 1279 1394 percussoribus
1311 1346 1478 1394 sumpto
1509 1340 1682 1383 rediisse
1702 1357 1870 1385 narrare

374 1411 486 1463 velit,
510 1410 589 1450 hoc
609 1409 667 1449 ita
689 1408 905 1462 exprimit:
935 1407 1084 1462 ταχέως
1105 1406 1206 1448 ι)’ἐπ’
1227 1406 1422 1462 ἀδελφεοῦ
1441 1409 1533 1460 βίαν
1554 1408 1669 1450 πάλιν
1687 1410 1872 1466 2159⁷70÷v

375 1478 395 1520 ὁ
439 1478 695 1531 Τυνδαρίδας.
757 1480 874 1524 Quae
914 1482 1024 1518 tecta
1067 1481 1109 1518 et
1149 1481 1358 1531 tamquam
1405 1478 1570 1519 occulta
1612 1478 1737 1521 dictio
1784 1489 1868 1523 tum

376 1547 545 1588 demum
576 1547 616 1587 in
647 1546 765 1601 poesi
795 1546 924 1600 lyrica
956 1546 1149 1600 usurpari
1188 1546 1347 1600 potuit,
1389 1550 1611 1601 postquam
1651 1554 1869 1602 poetarum

375 1617 585 1671 epicorum
618 1629 698 1669 ope
730 1615 903 1655 deorum
936 1620 977 1654 et
1009 1614 1184 1655 heroum
1216 1613 1384 1654 fabulae
1418 1614 1732 1667 diligentissime
1754 1624 1870 1659 erant

377 1698 603 1738 expressae
635 1688 761 1738 atquc
795 1682 1001 1723 excultae.
1064 1680 1174 1722 Sane
1205 1695 1327 1722 nemo
1357 1695 1479 1736 quam
1503 1684 1751 1725 sententiam
1772 1685 1870 1726 Pin·
1936 1725 1941 1732 ,

374 1752 500 1793 darus
531 1752 612 1792 illis
632 1751 769 1792 verbis
790 1751 1064 1805 pronuntiare
1086 1749 1225 1802 vellet,
1253 1749 1541 1802 intellexisset,
1574 1752 1651 1792 nisi
1672 1754 1741 1806 qui
1767 1754 1869 1795 hanc

374 1821 675 1863 Dioscurorum
707 1819 891 1861 fabulam
926 1818 1093 1872 penitus
1120 1818 1331 1872 cognitam
1355 1817 1541 1860 haberet.
1587 1819 1806 1862 Postremo
1828 1823 1870 1864 in

375 1903 414 1931 v.
439 1891 505 1938 85,
538 1888 610 1929 ubi
632 1886 821 1942 Iuppiter
843 1887 1031 1927 Pollucis
1053 1887 1106 1927 de
1128 1885 1266 1926 fratris
1287 1900 1385 1926 casu
1408 1886 1711 1940 aegritudinem
1735 1890 1870 1931 eleva-

374 1963 492 1999 turus
516 1957 726 2011 optionem
752 1956 789 1996 ei
811 1955 895 2007 dat,
919 1959 1061 1995 utrum
1079 1953 1252 1995 Castore
1271 1959 1436 1995 mortuo
1455 1955 1546 2009 ipse
1563 1957 1758 1997 continuo
1776 1972 1868 1999 cum

376 2025 439 2065 dis
471 2023 777 2065 immortalibus
799 2022 1025 2076 Olympum
1049 2022 1253 2074 habitare,
1285 2036 1336 2062 an
1358 2036 1450 2063 cum
1473 2022 1602 2063 fratre
1626 2025 1870 2067 coniunctus

375 2093 546 2134 alternis
577 2093 621 2133 in
644 2091 826 2146 Olympo
859 2094 900 2130 et
921 2091 999 2131 sub
1022 2095 1134 2131 terra
1156 2091 1298 2131 vivere
1320 2090 1474 2143 mallet,
1506 2094 1633 2145 poeta
1655 2090 1871 2134 Castorem

376 2161 660 2216 appellatione
702 2158 942 2212 κασιγνήτου
983 2159 1145 2200 notavit
1186 2163 1227 2199 et
1265 2160 1304 2199 in
1337 2159 1483 2200 ultimo
1523 2160 1715 2201 carminis
1749 2174 1871 2203 versu

376 2230 607 2280 Castorem,
638 2243 733 2269 cum
764 2228 933 2280 Pollux,
967 2231 1012 2268 ut
1043 2229 1183 2268 omnia
1213 2227 1292 2268 sibi
1322 2241 1415 2268 cum
1447 2227 1574 2268 fratre
1603 2234 1743 2268 essent
1774 2243 1869 2271 con-

375 2299 547 2349 sociata,
581 2301 780 2351 optasset,
813 2311 837 2338 a
870 2301 1002 2338 morte
1034 2296 1088 2337 ad
1120 2297 1249 2337 vitam
1282 2300 1525 2337 revocatum
1548 2310 1640 2336 esse
1674 2311 1870 2340 enarrans

374 2366 554 2408 eundem
608 2366 776 2406 nomine
826 2366 995 2420 proprio
1049 2365 1230 2407 vocavit.
1314 2365 1544 2407 Praeterea
1596 2365 1636 2405 in
1690 2367 1872 2409 carmine

374 2435 596 2490 Olympico
629 2434 753 2475 tertio
786 2433 995 2474 Pindarus
1033 2439 1252 2488 postquam
1283 2434 1323 2474 in
1355 2447 1392 2475 V.
1429 2437 1445 2474 1
1481 2433 1644 2474 initium
1677 2434 1786 2488 cepit
1815 2435 1868 2476 ab

372 2503 656 2558 appellatione
703 2503 966 2554 Τυνδαρίδαι,
1007 2501 1047 2541 in
1092 2514 1129 2543 V.
1171 2502 1224 2542 35
1268 2501 1570 2542 Dioscurorum
1613 2501 1779 2543 nomina
1819 2517 1869 2544 eo

371 2571 546 2612 artificio
579 2570 781 2620 reddidit,
824 2575 869 2610 u't
901 2584 973 2611 eos
1011 2568 1255 2620 βαθυζώνου
1297 2569 1509 2621 διδύμιόυς
1548 2571 1694 2618 παῖδας
1724 2570 1872 2624 Λήδας

372 2639 542 2690 diceret,
574 2638 648 2680 sed
679 2639 720 2679 in
752 2651 791 2680 v,
825 2639 878 2678 39
910 2638 963 2678 ad
993 2651 1144 2679 nomen
1182 2638 1428 2690 Τυνδαρίδαι
1459 2651 1672 2692 regressus
1702 2645 1775 2681 est.

508 2707 574 2748 De
614 2706 787 2748 deorum
829 2707 998 2761 quidem
1040 2707 1151 2760 apud
1194 2706 1424 2748 Pindarum
1464 2707 1665 2748 memoria
1706 2708 1870 2749 abunde

370 2775 526 2818 dictum
549 2779 632 2829 est3
666 2774 890 2817 videamus
911 2775 1049 2830 igitur,
1081 2788 1205 2830 quam
1229 2776 1352 2816 variis
1374 2774 1726 2830 appellationibus
1747 2779 1871 2831 poeta

369 2844 523 2886 DEAS
566 2844 791 2885 ornaverit.
863 2844 1052 2891 Quarum
1098 2858 1349 2898 quamquam
1396 2844 1532 2884 minus
1574 2856 1698 2897 saepe
1746 2858 1870 2899 quam

371 2912 549 2955 deorum
578 2912 738 2954 mentio
772 2911 830 2964 fit,
864 2915 910 2953 ut
942 2924 1019 2967 par
1051 2917 1113 2953 est
1137 2912 1178 2953 in
1200 2910 1491 2968 praedicandis
1512 2911 1698 2953 victoriis
1718 2912 1872 2955 robore
