2139 3299
938 274 1055 328 [247]
1714 275 1739 315 9

252 398 430 440 victores
461 399 780 453 coronabantur,
810 404 955 452 μνόἶμα
985 405 1067 441 τῶν
1092 399 1309 455 Οὖλυμπίᾳ
1339 398 1548 440 κάλλιστον
1576 398 1736 441 ἀέθλων

252 467 568 515 (monimentum
586 467 899 523 Olympicorum
917 469 1239 524 pulcherrimum
1257 469 1549 510 certaminum)
1567 467 1736 510 diceret.

251 534 414 577 Deinde
445 537 486 577 in
516 536 647 577 altero
686 541 933 592 systemate,
973 537 1045 578 ubi
1086 536 1311 578 Herculem
1353 536 1406 577 ab
1451 535 1738 591 Hyperboreis

252 602 489 659 Olympiam
507 604 640 646 olivae
657 605 846 646 arborem
864 606 1053 647 attulisse
1068 605 1276 647 Pindarus
1294 609 1447 657 narrat,
1463 605 1504 645 in
1520 618 1556 646 v,
1577 605 1738 646 17—18

250 669 445 712 πάνδοκον
473 671 595 722 ἄλσος
626 673 739 713 dedit
769 687 844 727 pro
878 673 1092 728 Olympia,
1127 674 1281 728 quippe
1310 687 1443 727 prope
1475 687 1596 727 quam
1629 679 1739 714 esset

250 738 368 780 lucus
412 739 519 781 Iovis
559 741 710 795 patris3
751 755 828 781 nec
867 742 1002 782 minus
1042 755 1148 795 quae
1189 742 1386 795 leguntur
1428 742 1467 780 in
1509 754 1547 782 v,
1579 741 1631 781 22
1674 741 1739 781 ἐπὶ

249 811 433 860 κρημνοῖς
464 808 637 863 Ἀλφεοῦ
666 808 718 849 ad
752 808 989 865 Olympiam
1021 808 1336 863 significandam
1377 809 1629 861 inserviunt,
1668 808 1739 849 ubi

250 873 455 916 Hercules
497 876 548 916 ad
587 876 733 923 Iovem
772 881 935 931 patrem
975 876 1264 917 honorandum
1303 877 1629 931 quinquennalia
1668 876 1738 917 illa

250 943 474 984 certamina
502 944 691 985 instituit.
741 944 884 1000 Atque
904 945 944 986 in
965 946 1155 1000 proximo
1178 958 1345 1000 quoque
1370 959 1493 986 versu
1517 943 1739 999 Olympiae

249 1025 401 1052 nomen
432 1026 507 1067 per
542 1013 740 1067 ambages
777 1014 986 1054 redditum
1028 1019 1112 1066 est⁷
1152 1027 1244 1054 cum
1285 1015 1328 1054 ἐν
1366 1013 1531 1065 βάσσαις
1563 1013 1738 1064 Κρονίου

252 1078 434 1130 Πέλοπος
462 1081 570 1122 idem
609 1082 662 1122 sit
700 1086 826 1137 atque
866 1081 1080 1138 Ὀλυμπίᾳ.
1141 1082 1310 1136 Pelopis
1352 1082 1461 1122 enim
1494 1080 1733 1137 Olympiam

251 1149 337 1189 sive
395 1149 535 1190 Pisam
602 1149 655 1190 ad
715 1149 1039 1204 Hippodamiam
1105 1150 1305 1191 Oenomai
1373 1138 1523 1189 filiam¹
1561 1163 1736 1190 uxorem

251 1216 330 1257 sibi
370 1217 691 1271 comparandam
737 1217 916 1272 profecti
955 1217 1154 1269 memoria
1193 1218 1470 1258 revocabatur
1509 1217 1739 1258 simulacris

246 1284 326 1325 illis
358 1284 563 1326 Oenomai
595 1290 636 1326 et
666 1285 833 1339 Pelopis
873 1285 926 1326 ad
967 1299 1168 1341 equorum
1210 1298 1375 1327 cursum
1416 1290 1658 1340 paratorum
1696 1285 1738 1326 in

248 1353 414 1407 fastigio
444 1355 586 1408 templi
607 1354 720 1394 Iovis
743 1354 950 1409 Olympici
978 1354 1031 1394 ad
1052 1354 1255 1395 orientem
1274 1357 1490 1408 spectante
1515 1353 1740 1403 collocatis,

252 1435 357 1475 quae
387 1435 412 1462 a
443 1421 630 1462 Paeonio
662 1421 895 1474 Mendensi‚
927 1422 959 1463 si
992 1422 1159 1476 quidem
1191 1421 1426 1462 Pausaniae
1455 1421 1579 1462 fidem
1607 1420 1738 1461 tribu-

249 1488 370 1541 imus,
404 1503 426 1529 e
453 1502 657 1530 marmore
679 1489 788 1529 faeta
811 1494 941 1531 erant.
989 1488 1138 1544 Itaque
1159 1488 1200 1529 in
1223 1489 1346 1529 tertio
1370 1502 1537 1543 quoque
1559 1489 1739 1530 carmine

249 1571 273 1596 a
304 1570 339 1598 v,
373 1559 397 1597 9
428 1571 559 1611 usque
591 1557 644 1598 ad
675 1571 711 1598 v,
745 1559 798 1598 23
829 1557 1035 1598 Pindarus
1067 1557 1306 1611 Olympiam
1347 1558 1530 1611 quinque
1565 1570 1737 1610 prorsus

248 1624 356 1665 inter
388 1638 431 1666 se
465 1624 637 1666 diversis
675 1624 1025 1679 appellationibus
1055 1624 1288 1679 insignivit,
1320 1624 1431 1679 quod
1464 1637 1537 1665 cur
1572 1624 1739 1678 taceret,

250 1692 319 1732 vix
341 1693 536 1744 habebat,
560 1694 635 1733 nisi
661 1693 828 1734 easdem
852 1706 973 1734 voces
993 1693 1033 1733 in
1056 1706 1139 1733 uno
1161 1697 1391 1747 systemate
1408 1693 1475 1734 vel
1490 1693 1532 1733 in
1549 1692 1739 1734 versibus

247 1761 389 1802 vicinis
421 1766 610 1816 repetere
641 1761 788 1802 noluit.

381 1829 448 1870 Ad
482 1830 587 1870 haec
617 1830 806 1883 pluribus
847 1829 1093 1870 illustranda
1134 1829 1232 1870 satis
1274 1830 1374 1881 erit,
1419 1830 1451 1870 si
1494 1842 1550 1869 ex
1593 1829 1738 1870 ceteris

247 1898 499 1939 carminibus
531 1897 758 1952 Olympicis
799 1898 910 1952 ipsos
951 1897 1290 1951 descripserimus
1334 1897 1466 1949 locos,
1509 1898 1549 1937 in
1590 1897 1739 1950 quibus

248 1965 537 2021 Olympiorum
582 1964 764 2019 regionis
809 1966 964 2006 mentio
1009 1965 1067 2007 fit.
1141 1964 1340 2019 Legimus
1388 1965 1495 2005 enim
1548 1964 1739 2006 carminis

246 2035 376 2089 quinti
408 2034 448 2074 in
475 2049 511 2074 V.
538 2035 644 2073 1-2
668 2032 887 2087 ’στεφάνων
912 2031 1046 2074 ἄωτον
1075 2031 1219 2086 γλυκύν
1246 2036 1327 2073 τῶν
1358 2032 1576 2089 Οὐλυμπίᾳ
1606 2033 1741 2085 (coro-

248 2117 394 2145 narum
426 2102 588 2144 dulcem
619 2103 766 2143 florem
799 2102 1144 2158 Olympicarum),
1174 2103 1214 2142 in
1248 2116 1287 2143 v.
1311 2102 1335 2140 9
1363 2101 1460 2141 ἵκων
1482 2099 1742 2153 ὃὊίνομοίου

246 2174 310 2213 καὶ
342 2171 527 2220 Πέλοπος
558 2170 651 2221 παρ’
683 2168 891 2223 εὐηράτων
921 2172 1123 2221 σταθμῶν
1155 2168 1340 2223 (rediens
1372 2175 1513 2211 autem
1536 2169 1743 2215 Oenomai

247 2245 288 2282 et
327 2239 496 2295 Pelopis
538 2239 592 2279 ab
633 2238 879 2280 amabilibus
920 2237 1134 2292 sedibus),
1177 2239 1218 2279 in
1259 2251 1295 2279 ν.
1329 2239 1379 2278 17
1414 2237 1589 2291 Κρόνιον
1626 2238 1743 2278 ναίων

245 2308 396 2364 λόφονς
439 2323 521 2362 qua
562 2313 775 2363 postrema
815 2307 1028 2348 locutione
1058 2307 1278 2361 Olympiae
1310 2321 1461 2348 nomen
1494 2306 1643 2347 variari
1679 2305 1744 2345 vel

248 2392 302 2418 ex
324 2391 373 2419 eo
396 2380 585 2432 apparet,
608 2375 720 2431 quod
743 2376 869 2417 etiam
891 2375 958 2428 iis,-
976 2389 1080 2431 quae
1108 2379 1352 2430 sequuntur⁷
1368 2378 1494 2427 τιμῶν
1510 2372 1544 2415 τ’
1565 2372 1745 2427 Ἀλφεόν

248 2444 344 2498 «ιύρύ
375 2443 519 2499 ῥέοντα
560 2443 701 2485 Ἰδαῖόν
730 2461 774 2485 τε
805 2443 951 2496 σεμνόν
991 2442 1135 2497 ἄντρον
1175 2444 1280 2484 haec
1317 2442 1587 2484 certaminum
1625 2443 1743 2495 regio

249 2514 518 2568 significatur.
588 2513 719 2554 Simili
765 2512 890 2554 modo
932 2513 973 2553 in
1019 2512 1200 2553 carmine
1243 2516 1390 2553 octavo
1432 2525 1505 2566 per
1544 2511 1741 2565 ambages

249 2582 459 2623 redditum
489 2584 554 2622 est
584 2581 806 2636 Olympiae
837 2594 1011 2631 nomen,
1053 2581 1123 2621 ubi
1154 2583 1290 2620 exstat
1320 2580 1361 2620 in
1393 2593 1433 2620 v,
1467 2581 1486 2620 1
1522 2577 1741 2630 Ὀλυμπία,

249 2665 289 2692 v.
321 2651 346 2691 9
387 2650 516 2698 Πίσας
555 2647 761 2701 εὔδενδρον
800 2648 861 2689 ἐπ’
902 2648 1074 2705 Ἀλφεῷ
1109 2646 1252 2697 ἄλσος,
1291 2661 1328 2689 v.
1373 2649 1420 2688 17
1463 2646 1543 2699 ποίρ
1585 2646 1748 2701 Κρόνου

248 2715 378 2775 λόφῳ,
410 2731 548 2772 neque
578 2717 713 2758 minus
749 2718 886 2758 variae
917 2716 1306 2759 circumlocutiones
1336 2716 1475 2757 insunt
1496 2716 1537 2756 in
1562 2717 1744 2758 carmine

249 2799 376 2826 nono.
438 2784 566 2825 Cuius
598 2785 706 2826 odae
734 2786 775 2826 in
807 2798 845 2826 V.
878 2786 903 2826 2
934 2785 1085 2839 legitur
1116 2783 1335 2840 Ὀλυμπίᾳ,
1364 2784 1404 2824 in
1438 2798 1477 2824 v.
1510 2784 1534 2823 3
1569 2783 1747 2836 Κρόνιον

250 2853 344 2905 παρ’
374 2850 524 2906 ὄχθον,
553 2852 594 2893 in
620 2868 660 2895 v.
686 2855 707 2894 7
739 2851 982 2906 ἀκρωτήριον
1004 2850 1187 2901 ”Λλιὸ“ος,
1217 2851 1260 2893 in
1280 2865 1320 2893 V.
1345 2854 1394 2893 18
1426 2849 1533 2904 παρὰ
1567 2846 1751 2908 ’Λλφεοῦ

252 2919 435 2973 ῥέεθρον.
486 2921 740 2963 Nam.certe
770 2926 909 2978 poeta,
939 2935 1033 2963 eum
1052 2921 1094 2962 in
1116 2932 1154 2961 v,
1176 2922 1201 2961 6
1224 2921 1405 2963 animum
1430 2934 1552 2962 suum
1576 2921 1748 2964 affatur:
