2139 3299
359 263 410 304 14
1046 264 1167 319 [252]

357 388 556 443 scriptum
589 390 654 440 sit,
686 390 759 431 sed
790 390 842 431 ad
874 391 1037 432 ἐπινίκια
1068 390 1194 444 Argis
1227 389 1479 432 celebranda
1510 397 1608 446 post
1639 392 1852 434 universas

359 457 582 511 victorias,
622 472 727 513 quas
758 458 914 500 Theaei
953 471 1057 513 gens
1097 458 1298 513 plurimas
1340 461 1381 499 et
1417 459 1457 501 in
1489 459 1710 502 Nemeaeis
1741 465 1782 502 et
1812 462 1854 501 in

359 525 570 568 Isthmicis
609 527 904 569 certaminibus
945 531 1244 581 reportaverat.
1315 526 1466 582 Itaque
1497 528 1705 570 Pindarus
1742 523 1853 583 post-

359 607 485 648 quam
515 595 556 635 in
587 609 625 636 v.
657 596 710 636 26
741 594 958 636 Theaeum
1001 599 1041 636 et
1072 594 1258 637 Nemeae
1302 602 1344 636 et
1382 595 1423 635 in
1455 595 1617 638 Isthmo
1657 610 1853 638 coronam

358 661 517 718 cepisse
548 663 750 714 narravit,
791 663 832 704 in
863 676 900 702 v.
932 664 1100 705 27—28
1140 663 1377 705 accuratius
1419 665 1594 719 exponit
1633 669 1696 707 ter
1735 665 1854 707 illum

358 736 400 772 et
430 732 471 772 in
503 732 628 773 sacris
652 731 806 786 campis
828 733 1057 775 secundum
1081 733 1332 774 Adrasteam
1354 733 1491 787 legem
1512 737 1555 774 et
1575 734 1616 774 in
1638 735 1852 775 maritimis

357 799 490 854 portis
522 799 587 852 (ἐν
616 798 775 841 πόντοιο
799 798 981 852 πύλαισι)
1014 801 1172 843 vicisse.
1217 800 1300 842 Ubi
1324 799 1369 842 ut
1391 802 1498 843 sacri
1521 803 1654 857 campi
1677 802 1852 855 Nemea,

356 868 413 907 ita
436 868 559 909 maris
579 873 727 922 portae
748 869 1058 921 intellegendae
1080 874 1176 910 sunt
1194 869 1392 921 Isthmus,
1417 884 1493 924 per
1515 884 1641 924 quem
1662 884 1853 911 accessus

356 935 406 976 ad
439 949 554 978 mare
576 936 794 991 Aegaeum
825 951 909 978 non
943 951 1062 980 secus
1094 943 1211 993 patet
1241 943 1368 994 atque
1398 938 1450 979 ad
1477 938 1657 985 Ionium.
1704 938 1855 994 Neque

356 1005 492 1045 minus
523 1005 593 1045 ubi
625 1007 794 1046 tertium
817 1005 1120 1047 Nemeaeorum
1146 1008 1416 1047 certaminum
1439 1007 1594 1047 mentio
1616 1008 1676 1059 fit,
1708 1007 1856 1048 Isthmi

356 1086 525 1129 quoque
567 1087 719 1115 nomen
751 1087 861 1116 novo
908 1074 1083 1116 artificio
1127 1075 1481 1130 circumscriptum
1526 1080 1602 1118 est.
1663 1074 1770 1117 Nam
1813 1075 1854 1117 in

359 1156 401 1183 v.
425 1143 479 1182 42
509 1155 585 1197 per
609 1143 739 1184 verba
767 1142 976 1195 Κορίνθου
1006 1144 1049 1183 ἐν
1077 1147 1218 1197 μυχοῖς
1239 1144 1427 1184 Isthmus
1460 1143 1727 1197 significatur,
1762 1157 1855 1184 cum

359 1209 587 1252 Corinthus
611 1211 702 1266 ipsa
724 1212 766 1253 in
787 1211 948 1252 Isthmo
980 1212 1058 1252 sita
1083 1216 1195 1253 esset
1225 1216 1266 1253 et
1287 1211 1491 1253 Corinthii
1511 1211 1720 1253 Is'thmicis
1742 1210 1852 1252 ludis

357 1277 655 1333 praesiderent.

491 1346 639 1402 Neque
671 1352 811 1390 tamen
843 1348 988 1390 eadem
1020 1348 1175 1402 ubique
1201 1347 1423 1404 diligentia
1466 1352 1592 1403 atque
1623 1349 1702 1389 hoc
1745 1348 1852 1400 loco,

358 1429 410 1456 ne
437 1414 490 1455 ad
523 1429 670 1457 nomen
703 1424 827 1457 antea
858 1416 1120 1472 appellatum
1150 1416 1455 1471 regrederetur,
1493 1415 1701 1457 Pindarus
1732 1417 1854 1457 cavit.

356 1483 464 1524 Nam
507 1498 601 1525 cum
644 1484 835 1525 carminis
875 1484 1071 1525 Nemeaei
1113 1485 1219 1525 sexti
1259 1490 1300 1525 et
1337 1485 1380 1525 in
1423 1499 1459 1525 v,
1492 1486 1543 1525 12
1586 1489 1627 1525 et
1662 1485 1703 1524 in
1734 1497 1767 1525 v,
1800 1485 1855 1525 20

356 1551 518 1593 Nemea
548 1553 717 1593 nomine
738 1553 909 1608 proprio
940 1552 1154 1608 appellata
1182 1553 1246 1596 sit„
1279 1566 1530 1608 quamquam
1552 1552 1748 1607 repetitio
1770 1565 1854 1594 non

356 1621 397 1661 in
435 1621 583 1662 eadem
623 1622 796 1676 stropha
836 1621 905 1672 fit,
946 1625 1087 1662 tamen
1129 1620 1235 1662 odae
1275 1621 1400 1662 huius
1441 1622 1673 1663 orationem
1713 1621 1853 1676 paullo

356 1689 491 1730 minus
522 1693 717 1731 accurate
747 1689 932 1730 limatam
965 1703 1057 1731 esse
1089 1688 1405 1730 concedendum
1435 1694 1513 1731 est.

492 1758 626 1800 Simili
656 1757 781 1800 modo
813 1758 963 1800 Isthmi
1004 1771 1157 1799 nomen
1198 1762 1324 1812 poeta
1366 1758 1407 1798 in
1445 1757 1626 1799 carmine
1654 1757 1853 1798 Isthmico

354 1826 476 1867 tertio
508 1827 754 1882 repetivisse
785 1816 967 1880 videtur,
1000 1826 1070 1867 ubi
1112 1826 1267 1880 legitur
1307 1826 1348 1866 in
1392 1838 1427 1866 v,
1476 1827 1520 1866 11
1569 1827 1609 1867 ἐν
1649 1824 1856 1879 βάσσαισιν

353 1894 522 1947 Ἰσθμοῦ
567 1894 769 1952 δεξαμένῳ
818 1894 1042 1949 στεφάνους
1099 1896 1158 1947 (in
1205 1894 1462 1935 convallibus
1506 1894 1654 1935 Isthmi
1701 1894 1854 1949 adepto

357 1966 578 2016 coronas),
620 1978 712 2005 cum
744 1964 784 2005 in
816 1979 854 2006 v.
887 1965 941 2005 20
972 1977 1070 2016 eae,
1103 1962 1252 2018 quibus
1284 1962 1409 2003 hodie
1439 1963 1616 2014 utimur,
1655 1962 1856 2004 editiones

354 2032 462 2073 hanc
500 2032 732 2086 praebeant
772 2032 995 2073 lectionem
1036 2044 1119 2072 uno
1158 2030 1304 2072 codice
1335 2029 1542 2071 Vaticano
1574 2031 1757 2071 secundo
1787 2031 1857 2071 fir-

354 2104 532 2142 matam:
563 2099 810 2154 εὐμαχανίαν
841 2098 914 2153 γάρ
945 2098 1096 2155 ἔφανας
1128 2098 1325 2150 Ἰσθμίοις
1353 2097 1548 2153 ὑμετέρας
1578 2097 1722 2151 ἀρετάς
1742 2097 1856 2156 ὕμνῳ

354 2168 509 2209 διώκειν
540 2167 723 2222 (copiam
757 2169 867 2209 enim
895 2168 1092 2222 aperuisti
1113 2166 1296 2208 Isthmiis
1319 2172 1480 2208 vestras
1502 2168 1677 2208 virtutes
1700 2166 1854 2221 hymno

353 2234 673 2292 prosequendi).
733 2236 813 2279 Sed
846 2236 931 2277 illic
961 2236 1101 2291 agitur
1132 2234 1185 2278 de
1216 2235 1378 2277 Isthmo
1408 2234 1513 2291 ipso,
1545 2235 1611 2276 hic
1641 2235 1693 2276 de
1725 2238 1853 2276 certa-

355 2305 535 2346 minibus
566 2303 797 2356 Isthmicis‚
840 2310 881 2345 et
914 2310 1133 2360 praeterea
1164 2304 1247 2344 duo
1279 2304 1338 2344 illi
1375 2305 1456 2344 loci
1487 2305 1586 2344 novi
1617 2303 1855 2358 systematis

354 2373 472 2415 initio
526 2372 720 2428 dirempti
771 2376 881 2414 sunt.
966 2372 1126 2421 Quodsi
1178 2386 1271 2413 cum
1321 2371 1506 2426 Bergkio
1558 2372 1854 2414 auctoritatem

354 2443 508 2484 codicis
540 2440 736 2484 Vaticani
780 2440 954 2482 secundi
990 2441 1067 2495 (Β)
1108 2441 1241 2482 secuti
1272 2456 1297 2481 a
1329 2454 1365 2481 V.
1401 2442 1450 2481 19
1490 2455 1646 2481 novum
1690 2454 1855 2482 carmon

355 2511 554 2565 ordimur,
587 2524 640 2552 ne
670 2510 840 2552 minime
875 2510 1046 2566 quidem
1073 2509 1282 2551 Pindarus
1312 2510 1352 2550 in
1386 2509 1636 2564 repetitione
1667 2508 1853 2550 eiusdem

355 2580 652 2635 appellationis
674 2579 849 2620 vitanda
870 2578 1159 2633 neglegentior
1180 2578 1349 2619 videtur
1369 2577 1513 2619 fuisse.
1558 2577 1728 2625 Quanto
1747 2578 1854 2619 enim

357 2648 497 2690 studio
538 2648 637 2689 alibi
677 2647 827 2690 Isthmi
866 2661 1016 2689 nomen
1058 2661 1136 2700 per
1176 2647 1373 2700 ambages
1414 2646 1589 2687 reddere
1634 2645 1854 2698 studuerit,

353 2717 611 2771 intellegitur
657 2730 710 2758 ex
757 2730 836 2770 eo,
887 2715 998 2771 quod
1050 2716 1091 2756 in
1142 2714 1328 2757 eiusdem
1380 2715 1569 2756 carminis
1609 2728 1647 2756 v,
1692 2715 1857 2756 37—38

354 2784 603 2840 Neptunus,
644 2786 717 2840 qui
755 2784 926 2825 Melisso
969 2784 1076 2825 hanc
1114 2781 1356 2825 Itshmicam
1399 2783 1617 2824 victoriam
1650 2782 1857 2835 tribuerit,

355 2852 507 2896 dicitur
537 2852 558 2895 ὁ
589 2851 760 2907 κινητῆρ
786 2856 859 2907 γᾶς
881 2850 1105 2907 Ὀγχηστόν
1128 2851 1269 2893 οἰκέων
1289 2853 1353 2893 καὶ
1375 2850 1549 2907 γέφυραν
1569 2849 1759 2892 ποντιάδα
1781 2843 1858 2903 προ

359 2922 570 2977 Κορίνθου
597 2921 767 2979 τειχέων.
801 2922 1116 2979 Speciosissimo
1148 2922 1321 2964 invento
1347 2920 1413 2963 hic
1433 2920 1620 2962 Isthmus
1643 2919 1854 2961 locutione
