<?xml version="1.0" encoding="UTF-8"?>
<!DOCTYPE html PUBLIC "-//W3C//DTD XHTML 1.0 Transitional//EN"
    "http://www.w3.org/TR/xhtml1/DTD/xhtml1-transitional.dtd">
<html xmlns="http://www.w3.org/1999/xhtml" xml:lang="en" lang="en">
 <head>
  <title>
</title>
<meta http-equiv="Content-Type" content="text/html;charset=utf-8" />
  <meta name='ocr-system' content='tesseract 3.04.00' />
  <meta name='ocr-capabilities' content='ocr_page ocr_carea ocr_par ocr_line ocrx_word'/>
</head>
<body>
  <div class='ocr_page' id='page_1' title='image "4738056_0031.png"; bbox 0 0 2139 3299; ppageno 0'>
   <div class='ocr_carea' id='block_1_1' title="bbox 402 253 1210 309">
    <p class='ocr_par' dir='ltr' id='par_1_1' title="bbox 402 253 1210 309">
     <span class='ocr_line' id='line_1_1' title="bbox 402 253 1210 309; baseline -0.001 -11"><span class='ocrx_word' id='word_1_1' title='bbox 402 258 455 298; x_wconf 83' lang='lat'>24</span> <span class='ocrx_word' id='word_1_2' title='bbox 1092 253 1210 309; x_wconf 86' lang='lat'>[262]</span> 
     </span>
    </p>
   </div>
   <div class='ocr_carea' id='block_1_2' title="bbox 386 381 1899 2970">
    <p class='ocr_par' dir='ltr' id='par_1_2' title="bbox 386 381 1899 2970">
     <span class='ocr_line' id='line_1_2' title="bbox 398 381 1896 438; baseline 0 -15"><span class='ocrx_word' id='word_1_3' title='bbox 398 382 584 424; x_wconf 89' lang='lat' dir='ltr'>fabulam</span> <span class='ocrx_word' id='word_1_4' title='bbox 616 383 799 438; x_wconf 81' lang='lat' dir='ltr'><strong>aliquam</strong></span> <span class='ocrx_word' id='word_1_5' title='bbox 829 396 922 424; x_wconf 87' lang='lat' dir='ltr'>cum</span> <span class='ocrx_word' id='word_1_6' title='bbox 954 382 1088 436; x_wconf 87' lang='lat' dir='ltr'>patria</span> <span class='ocrx_word' id='word_1_7' title='bbox 1119 381 1287 423; x_wconf 89' lang='lat' dir='ltr'>victoris</span> <span class='ocrx_word' id='word_1_8' title='bbox 1318 382 1421 422; x_wconf 89' lang='lat' dir='ltr'>urbe</span> <span class='ocrx_word' id='word_1_9' title='bbox 1452 383 1519 423; x_wconf 88' lang='lat' dir='ltr'>vel</span> <span class='ocrx_word' id='word_1_10' title='bbox 1551 382 1739 425; x_wconf 89' lang='lat' dir='ltr'>vincendi</span> <span class='ocrx_word' id='word_1_11' title='bbox 1770 381 1896 423; x_wconf 92' lang='lat' dir='ltr'>modo</span> 
     </span>
     <span class='ocr_line' id='line_1_3' title="bbox 401 450 1896 508; baseline -0.002 -14"><span class='ocrx_word' id='word_1_12' title='bbox 401 452 669 494; x_wconf 89' lang='lat' dir='ltr'>coniunctam</span> <span class='ocrx_word' id='word_1_13' title='bbox 701 453 819 508; x_wconf 92' lang='lat' dir='ltr'>epico</span> <span class='ocrx_word' id='word_1_14' title='bbox 850 464 965 493; x_wconf 89' lang='lat' dir='ltr'>more</span> <span class='ocrx_word' id='word_1_15' title='bbox 999 455 1236 503; x_wconf 80' lang='lat' dir='ltr'>enarraret,</span> <span class='ocrx_word' id='word_1_16' title='bbox 1278 455 1364 491; x_wconf 92' lang='lat' dir='ltr'>tum</span> <span class='ocrx_word' id='word_1_17' title='bbox 1404 451 1443 491; x_wconf 93' lang='lat' dir='ltr'>in</span> <span class='ocrx_word' id='word_1_18' title='bbox 1488 451 1570 493; x_wconf 84' lang='lat' dir='ltr'>fine</span> <span class='ocrx_word' id='word_1_19' title='bbox 1612 452 1804 493; x_wconf 84' lang='lat' dir='ltr'><strong>carminis</strong></span> <span class='ocrx_word' id='word_1_20' title='bbox 1844 450 1896 493; x_wconf 91' lang='lat' dir='ltr'>ad</span> 
     </span>
     <span class='ocr_line' id='line_1_4' title="bbox 399 519 1899 563; baseline -0.001 -2"><span class='ocrx_word' id='word_1_21' title='bbox 399 521 617 563; x_wconf 89' lang='lat' dir='ltr'>victoriam</span> <span class='ocrx_word' id='word_1_22' title='bbox 664 519 955 563; x_wconf 80' lang='lat' dir='ltr'>celebrandam</span> <span class='ocrx_word' id='word_1_23' title='bbox 1001 522 1294 561; x_wconf 83' lang='lat' dir='ltr'>reverteretur.</span> <span class='ocrx_word' id='word_1_24' title='bbox 1370 519 1598 562; x_wconf 89' lang='lat' dir='ltr'>Praeterea</span> <span class='ocrx_word' id='word_1_25' title='bbox 1642 522 1751 562; x_wconf 89' lang='lat' dir='ltr'>inter</span> <span class='ocrx_word' id='word_1_26' title='bbox 1797 520 1899 561; x_wconf 88' lang='lat' dir='ltr'>haec</span> 
     </span>
     <span class='ocr_line' id='line_1_5' title="bbox 401 586 1896 644; baseline -0.002 -13"><span class='ocrx_word' id='word_1_27' title='bbox 401 594 516 631; x_wconf 83' lang='lat' dir='ltr'>certa</span> <span class='ocrx_word' id='word_1_28' title='bbox 545 590 624 630; x_wconf 91' lang='lat' dir='ltr'>tria</span> <span class='ocrx_word' id='word_1_29' title='bbox 655 590 842 631; x_wconf 90' lang='lat' dir='ltr'>membra</span> <span class='ocrx_word' id='word_1_30' title='bbox 871 602 999 642; x_wconf 83' lang='lat' dir='ltr'>saepe</span> <span class='ocrx_word' id='word_1_31' title='bbox 1031 588 1211 629; x_wconf 86' lang='lat' dir='ltr'>minores</span> <span class='ocrx_word' id='word_1_32' title='bbox 1242 588 1424 629; x_wconf 82' lang='lat' dir='ltr'>insertae</span> <span class='ocrx_word' id='word_1_33' title='bbox 1456 594 1555 629; x_wconf 88' lang='lat' dir='ltr'>sunt</span> <span class='ocrx_word' id='word_1_34' title='bbox 1586 589 1814 644; x_wconf 84' lang='lat' dir='ltr'>particulae</span> <span class='ocrx_word' id='word_1_35' title='bbox 1844 586 1896 628; x_wconf 89' lang='lat' dir='ltr'>ad</span> 
     </span>
     <span class='ocr_line' id='line_1_6' title="bbox 401 656 1898 711; baseline -0.001 -13"><span class='ocrx_word' id='word_1_36' title='bbox 401 658 621 699; x_wconf 83' lang='lat' dir='ltr'>transitum</span> <span class='ocrx_word' id='word_1_37' title='bbox 653 657 904 707; x_wconf 90' lang='lat' dir='ltr'>faciendum,</span> <span class='ocrx_word' id='word_1_38' title='bbox 935 660 980 696; x_wconf 89' lang='lat' dir='ltr'>ut</span> <span class='ocrx_word' id='word_1_39' title='bbox 1001 670 1045 697; x_wconf 91' lang='lat' dir='ltr'>re</span> <span class='ocrx_word' id='word_1_40' title='bbox 1068 669 1164 696; x_wconf 90' lang='lat' dir='ltr'>vera</span> <span class='ocrx_word' id='word_1_41' title='bbox 1189 661 1349 710; x_wconf 84' lang='lat' dir='ltr'>septem</span> <span class='ocrx_word' id='word_1_42' title='bbox 1373 656 1469 697; x_wconf 91' lang='lat' dir='ltr'>illae</span> <span class='ocrx_word' id='word_1_43' title='bbox 1491 656 1722 711; x_wconf 86' lang='lat' dir='ltr'>Terpandri</span> <span class='ocrx_word' id='word_1_44' title='bbox 1743 660 1898 711; x_wconf 89' lang='lat' dir='ltr'>partes,</span> 
     </span>
     <span class='ocr_line' id='line_1_7' title="bbox 401 723 1899 780; baseline -0.002 -13"><span class='ocrx_word' id='word_1_45' title='bbox 401 739 577 780; x_wconf 90' lang='lat' dir='ltr'>quarum</span> <span class='ocrx_word' id='word_1_46' title='bbox 618 726 777 780; x_wconf 88' lang='lat' dir='ltr'>primae</span> <span class='ocrx_word' id='word_1_47' title='bbox 821 729 906 767; x_wconf 89' lang='lat' dir='ltr'>tres</span> <span class='ocrx_word' id='word_1_48' title='bbox 951 724 1105 766; x_wconf 89' lang='lat' dir='ltr'>ultimis</span> <span class='ocrx_word' id='word_1_49' title='bbox 1152 723 1284 765; x_wconf 90' lang='lat' dir='ltr'>tribus</span> <span class='ocrx_word' id='word_1_50' title='bbox 1330 724 1609 779; x_wconf 87' lang='lat' dir='ltr'>respondent,</span> <span class='ocrx_word' id='word_1_51' title='bbox 1655 726 1696 767; x_wconf 92' lang='lat' dir='ltr'>in</span> <span class='ocrx_word' id='word_1_52' title='bbox 1743 725 1899 779; x_wconf 82' lang='lat' dir='ltr'>aliquot</span> 
     </span>
     <span class='ocr_line' id='line_1_8' title="bbox 400 792 1896 848; baseline -0.002 -13"><span class='ocrx_word' id='word_1_53' title='bbox 400 794 572 835; x_wconf 88' lang='lat' dir='ltr'>Pindari</span> <span class='ocrx_word' id='word_1_54' title='bbox 603 794 855 835; x_wconf 86' lang='lat' dir='ltr'>carminibus</span> <span class='ocrx_word' id='word_1_55' title='bbox 886 793 1128 846; x_wconf 85' lang='lat' dir='ltr'>recognosci</span> <span class='ocrx_word' id='word_1_56' title='bbox 1165 807 1291 848; x_wconf 91' lang='lat' dir='ltr'>posse</span> <span class='ocrx_word' id='word_1_57' title='bbox 1324 792 1557 835; x_wconf 84' lang='lat' dir='ltr'>videantur.</span> <span class='ocrx_word' id='word_1_58' title='bbox 1620 793 1739 836; x_wconf 86' lang='lat' dir='ltr'>Conf.</span> <span class='ocrx_word' id='word_1_59' title='bbox 1772 793 1896 835; x_wconf 91' lang='lat' dir='ltr'>etiam</span> 
     </span>
     <span class='ocr_line' id='line_1_9' title="bbox 400 860 1898 916; baseline -0.002 -13"><span class='ocrx_word' id='word_1_60' title='bbox 400 862 646 903; x_wconf 87' lang='lat' dir='ltr'>Eduardum</span> <span class='ocrx_word' id='word_1_61' title='bbox 666 861 883 902; x_wconf 89' lang='lat' dir='ltr'>Luebbert</span> <span class='ocrx_word' id='word_1_62' title='bbox 916 861 967 902; x_wconf 89' lang='lat' dir='ltr'>de</span> <span class='ocrx_word' id='word_1_63' title='bbox 989 860 1172 902; x_wconf 88' lang='lat' dir='ltr'>Pindaro</span> <span class='ocrx_word' id='word_1_64' title='bbox 1195 875 1417 903; x_wconf 89' lang='lat' dir='ltr'>nomorum</span> <span class='ocrx_word' id='word_1_65' title='bbox 1439 861 1671 916; x_wconf 88' lang='lat' dir='ltr'>Terpandri</span> <span class='ocrx_word' id='word_1_66' title='bbox 1690 863 1898 903; x_wconf 89' lang='lat' dir='ltr'>imitatore</span> 
     </span>
     <span class='ocr_line' id='line_1_10' title="bbox 398 928 1898 985; baseline 0 -15"><span class='ocrx_word' id='word_1_67' title='bbox 398 930 439 971; x_wconf 93' lang='lat' dir='ltr'>in</span> <span class='ocrx_word' id='word_1_68' title='bbox 471 934 786 985; x_wconf 85' lang='lat' dir='ltr'>programmate</span> <span class='ocrx_word' id='word_1_69' title='bbox 819 928 1034 970; x_wconf 91' lang='lat' dir='ltr'>Bonnensi</span> <span class='ocrx_word' id='word_1_70' title='bbox 1056 943 1091 970; x_wconf 91' lang='lat' dir='ltr'>a.</span> <span class='ocrx_word' id='word_1_71' title='bbox 1118 930 1225 971; x_wconf 88' lang='lat'>1885</span> <span class='ocrx_word' id='word_1_72' title='bbox 1257 928 1551 984; x_wconf 83' lang='lat' dir='ltr'>disputantem.</span> <span class='ocrx_word' id='word_1_73' title='bbox 1610 930 1743 972; x_wconf 90' lang='lat' dir='ltr'>Multo</span> <span class='ocrx_word' id='word_1_74' title='bbox 1764 930 1898 970; x_wconf 88' lang='lat' dir='ltr'>rarius</span> 
     </span>
     <span class='ocr_line' id='line_1_11' title="bbox 398 997 1897 1052; baseline -0.001 -14"><span class='ocrx_word' id='word_1_75' title='bbox 398 1003 527 1052; x_wconf 92' lang='lat' dir='ltr'>poeta</span> <span class='ocrx_word' id='word_1_76' title='bbox 557 998 782 1038; x_wconf 85' lang='lat' dir='ltr'>Thebanus</span> <span class='ocrx_word' id='word_1_77' title='bbox 814 998 998 1038; x_wconf 90' lang='lat' dir='ltr'>carmina</span> <span class='ocrx_word' id='word_1_78' title='bbox 1038 998 1096 1037; x_wconf 92' lang='lat' dir='ltr'>ita</span> <span class='ocrx_word' id='word_1_79' title='bbox 1128 997 1354 1051; x_wconf 80' lang='lat' dir='ltr'>disposuit,</span> <span class='ocrx_word' id='word_1_80' title='bbox 1395 1002 1440 1038; x_wconf 93' lang='lat' dir='ltr'>ut</span> <span class='ocrx_word' id='word_1_81' title='bbox 1478 999 1646 1039; x_wconf 88' lang='lat' dir='ltr'>victoris</span> <span class='ocrx_word' id='word_1_82' title='bbox 1691 998 1815 1039; x_wconf 91' lang='lat' dir='ltr'>laude</span> <span class='ocrx_word' id='word_1_83' title='bbox 1855 998 1897 1037; x_wconf 91' lang='lat' dir='ltr'>in</span> 
     </span>
     <span class='ocr_line' id='line_1_12' title="bbox 398 1065 1898 1121; baseline -0.001 -14"><span class='ocrx_word' id='word_1_84' title='bbox 398 1065 578 1108; x_wconf 90' lang='lat' dir='ltr'>mediam</span> <span class='ocrx_word' id='word_1_85' title='bbox 619 1070 782 1121; x_wconf 91' lang='lat' dir='ltr'>partem</span> <span class='ocrx_word' id='word_1_86' title='bbox 825 1065 1031 1108; x_wconf 89' lang='lat' dir='ltr'>translata</span> <span class='ocrx_word' id='word_1_87' title='bbox 1069 1065 1109 1106; x_wconf 91' lang='lat' dir='ltr'>in</span> <span class='ocrx_word' id='word_1_88' title='bbox 1151 1066 1266 1108; x_wconf 86' lang='lat' dir='ltr'>initio</span> <span class='ocrx_word' id='word_1_89' title='bbox 1307 1071 1348 1107; x_wconf 91' lang='lat' dir='ltr'>et</span> <span class='ocrx_word' id='word_1_90' title='bbox 1379 1066 1462 1108; x_wconf 90' lang='lat' dir='ltr'>fine</span> <span class='ocrx_word' id='word_1_91' title='bbox 1500 1066 1686 1108; x_wconf 88' lang='lat' dir='ltr'>fabulam</span> <span class='ocrx_word' id='word_1_92' title='bbox 1716 1066 1898 1121; x_wconf 89' lang='lat' dir='ltr'>aliquam</span> 
     </span>
     <span class='ocr_line' id='line_1_13' title="bbox 399 1134 1896 1190; baseline -0.001 -14"><span class='ocrx_word' id='word_1_93' title='bbox 399 1141 648 1189; x_wconf 85' lang='lat' dir='ltr'>exponeret.</span> <span class='ocrx_word' id='word_1_94' title='bbox 693 1135 843 1189; x_wconf 85' lang='lat' dir='ltr'>Itaque</span> <span class='ocrx_word' id='word_1_95' title='bbox 866 1148 959 1175; x_wconf 90' lang='lat' dir='ltr'>cum</span> <span class='ocrx_word' id='word_1_96' title='bbox 981 1134 1254 1190; x_wconf 84' lang='lat' dir='ltr'>plurimarum</span> <span class='ocrx_word' id='word_1_97' title='bbox 1272 1135 1445 1175; x_wconf 90' lang='lat' dir='ltr'>odarum</span> <span class='ocrx_word' id='word_1_98' title='bbox 1466 1136 1641 1186; x_wconf 91' lang='lat' dir='ltr'>initium,</span> <span class='ocrx_word' id='word_1_99' title='bbox 1663 1150 1745 1176; x_wconf 89' lang='lat' dir='ltr'>non</span> <span class='ocrx_word' id='word_1_100' title='bbox 1763 1134 1896 1176; x_wconf 90' lang='lat' dir='ltr'>solum</span> 
     </span>
     <span class='ocr_line' id='line_1_14' title="bbox 399 1203 1897 1260; baseline -0.001 -15"><span class='ocrx_word' id='word_1_101' title='bbox 399 1206 693 1259; x_wconf 85' lang='lat' dir='ltr'>argumentum</span> <span class='ocrx_word' id='word_1_102' title='bbox 725 1203 797 1245; x_wconf 88' lang='lat' dir='ltr'>sed</span> <span class='ocrx_word' id='word_1_103' title='bbox 830 1203 957 1245; x_wconf 88' lang='lat' dir='ltr'>etiam</span> <span class='ocrx_word' id='word_1_104' title='bbox 980 1216 1177 1244; x_wconf 86' lang='lat' dir='ltr'>versuum</span> <span class='ocrx_word' id='word_1_105' title='bbox 1209 1217 1426 1245; x_wconf 88' lang='lat' dir='ltr'>numerum</span> <span class='ocrx_word' id='word_1_106' title='bbox 1458 1203 1492 1245; x_wconf 86' lang='lat' dir='ltr'>si</span> <span class='ocrx_word' id='word_1_107' title='bbox 1523 1208 1771 1260; x_wconf 86' lang='lat' dir='ltr'>spectamus,</span> <span class='ocrx_word' id='word_1_108' title='bbox 1803 1216 1897 1244; x_wconf 91' lang='lat' dir='ltr'>cum</span> 
     </span>
     <span class='ocr_line' id='line_1_15' title="bbox 399 1272 1897 1326; baseline -0.001 -13"><span class='ocrx_word' id='word_1_109' title='bbox 399 1272 481 1313; x_wconf 91' lang='lat' dir='ltr'>fine</span> <span class='ocrx_word' id='word_1_110' title='bbox 521 1272 609 1314; x_wconf 89' lang='lat' dir='ltr'>fere</span> <span class='ocrx_word' id='word_1_111' title='bbox 651 1276 877 1326; x_wconf 88' lang='lat' dir='ltr'>congruat,</span> <span class='ocrx_word' id='word_1_112' title='bbox 922 1285 1005 1313; x_wconf 91' lang='lat' dir='ltr'>non</span> <span class='ocrx_word' id='word_1_113' title='bbox 1045 1272 1305 1324; x_wconf 88' lang='lat' dir='ltr'>mirabimur,</span> <span class='ocrx_word' id='word_1_114' title='bbox 1353 1273 1386 1312; x_wconf 91' lang='lat' dir='ltr'>si</span> <span class='ocrx_word' id='word_1_115' title='bbox 1426 1272 1633 1314; x_wconf 89' lang='lat' dir='ltr'>Pindarus</span> <span class='ocrx_word' id='word_1_116' title='bbox 1674 1273 1897 1313; x_wconf 88' lang='lat' dir='ltr'>verborum</span> 
     </span>
     <span class='ocr_line' id='line_1_16' title="bbox 403 1339 1895 1396; baseline -0.001 -15"><span class='ocrx_word' id='word_1_117' title='bbox 403 1353 572 1395; x_wconf 93' lang='lat' dir='ltr'>quoque</span> <span class='ocrx_word' id='word_1_118' title='bbox 604 1340 770 1382; x_wconf 90' lang='lat' dir='ltr'>delectu</span> <span class='ocrx_word' id='word_1_119' title='bbox 801 1339 908 1381; x_wconf 90' lang='lat' dir='ltr'>hanc</span> <span class='ocrx_word' id='word_1_120' title='bbox 938 1340 1142 1381; x_wconf 91' lang='lat' dir='ltr'>rationem</span> <span class='ocrx_word' id='word_1_121' title='bbox 1176 1340 1395 1395; x_wconf 83' lang='lat' dir='ltr'>expressit.</span> <span class='ocrx_word' id='word_1_122' title='bbox 1456 1340 1567 1382; x_wconf 90' lang='lat' dir='ltr'>Illud</span> <span class='ocrx_word' id='word_1_123' title='bbox 1599 1341 1738 1396; x_wconf 88' lang='lat' dir='ltr'>igitur,</span> <span class='ocrx_word' id='word_1_124' title='bbox 1770 1339 1895 1395; x_wconf 92' lang='lat' dir='ltr'>quod,</span> 
     </span>
     <span class='ocr_line' id='line_1_17' title="bbox 399 1407 1896 1462; baseline -0.001 -13"><span class='ocrx_word' id='word_1_125' title='bbox 399 1408 496 1450; x_wconf 90' lang='lat' dir='ltr'>dum</span> <span class='ocrx_word' id='word_1_126' title='bbox 530 1408 695 1449; x_wconf 92' lang='lat' dir='ltr'>urbium</span> <span class='ocrx_word' id='word_1_127' title='bbox 726 1408 1029 1462; x_wconf 89' lang='lat' dir='ltr'>appellationes</span> <span class='ocrx_word' id='word_1_128' title='bbox 1060 1407 1385 1459; x_wconf 86' lang='lat' dir='ltr'>consideramus,</span> <span class='ocrx_word' id='word_1_129' title='bbox 1407 1408 1788 1460; x_wconf 88' lang='lat' dir='ltr'>animadvertimus,</span> <span class='ocrx_word' id='word_1_130' title='bbox 1819 1408 1896 1449; x_wconf 90' lang='lat' dir='ltr'>sub</span> 
     </span>
     <span class='ocr_line' id='line_1_18' title="bbox 398 1476 1897 1531; baseline -0.001 -14"><span class='ocrx_word' id='word_1_131' title='bbox 398 1477 524 1518; x_wconf 89' lang='lat' dir='ltr'>finem</span> <span class='ocrx_word' id='word_1_132' title='bbox 566 1476 797 1517; x_wconf 89' lang='lat' dir='ltr'>carminum</span> <span class='ocrx_word' id='word_1_133' title='bbox 840 1480 1011 1530; x_wconf 90' lang='lat' dir='ltr'>poetam</span> <span class='ocrx_word' id='word_1_134' title='bbox 1052 1489 1364 1531; x_wconf 87' lang='lat' dir='ltr'>nonnumquam</span> <span class='ocrx_word' id='word_1_135' title='bbox 1406 1476 1456 1516; x_wconf 89' lang='lat' dir='ltr'>ad</span> <span class='ocrx_word' id='word_1_136' title='bbox 1499 1477 1644 1518; x_wconf 87' lang='lat' dir='ltr'>eadem</span> <span class='ocrx_word' id='word_1_137' title='bbox 1685 1490 1897 1517; x_wconf 90' lang='lat' dir='ltr'>recurrere</span> 
     </span>
     <span class='ocr_line' id='line_1_19' title="bbox 398 1544 1896 1601; baseline -0.001 -15"><span class='ocrx_word' id='word_1_138' title='bbox 398 1544 579 1597; x_wconf 90' lang='lat' dir='ltr'>nomina,</span> <span class='ocrx_word' id='word_1_139' title='bbox 603 1544 754 1598; x_wconf 86' lang='lat' dir='ltr'>quibus</span> <span class='ocrx_word' id='word_1_140' title='bbox 776 1544 892 1586; x_wconf 90' lang='lat' dir='ltr'>initio</span> <span class='ocrx_word' id='word_1_141' title='bbox 917 1558 1018 1585; x_wconf 90' lang='lat' dir='ltr'>usus</span> <span class='ocrx_word' id='word_1_142' title='bbox 1040 1544 1105 1595; x_wconf 85' lang='lat' dir='ltr'>sit,</span> <span class='ocrx_word' id='word_1_143' title='bbox 1126 1548 1293 1585; x_wconf 87' lang='lat' dir='ltr'>servata</span> <span class='ocrx_word' id='word_1_144' title='bbox 1312 1549 1450 1586; x_wconf 84' lang='lat' dir='ltr'>tamen</span> <span class='ocrx_word' id='word_1_145' title='bbox 1470 1559 1632 1601; x_wconf 89' lang='lat' dir='ltr'>semper</span> <span class='ocrx_word' id='word_1_146' title='bbox 1650 1545 1721 1587; x_wconf 92' lang='lat' dir='ltr'>illa</span> <span class='ocrx_word' id='word_1_147' title='bbox 1738 1545 1896 1599; x_wconf 87' lang='lat' dir='ltr'>regula,</span> 
     </span>
     <span class='ocr_line' id='line_1_20' title="bbox 398 1612 1894 1670; baseline 0 -15"><span class='ocrx_word' id='word_1_148' title='bbox 398 1627 450 1655; x_wconf 91' lang='lat' dir='ltr'>ne</span> <span class='ocrx_word' id='word_1_149' title='bbox 481 1613 676 1667; x_wconf 84' lang='lat' dir='ltr'>repetitio</span> <span class='ocrx_word' id='word_1_150' title='bbox 698 1613 806 1654; x_wconf 88' lang='lat' dir='ltr'>intra</span> <span class='ocrx_word' id='word_1_151' title='bbox 829 1626 959 1654; x_wconf 92' lang='lat' dir='ltr'>unum</span> <span class='ocrx_word' id='word_1_152' title='bbox 980 1612 1176 1666; x_wconf 88' lang='lat' dir='ltr'>idemque</span> <span class='ocrx_word' id='word_1_153' title='bbox 1197 1618 1383 1668; x_wconf 88' lang='lat' dir='ltr'>systema</span> <span class='ocrx_word' id='word_1_154' title='bbox 1405 1614 1490 1668; x_wconf 89' lang='lat' dir='ltr'>fiat,</span> <span class='ocrx_word' id='word_1_155' title='bbox 1523 1614 1602 1656; x_wconf 92' lang='lat' dir='ltr'>hoc</span> <span class='ocrx_word' id='word_1_156' title='bbox 1624 1615 1664 1656; x_wconf 92' lang='lat' dir='ltr'>in</span> <span class='ocrx_word' id='word_1_157' title='bbox 1686 1614 1894 1670; x_wconf 90' lang='lat' dir='ltr'>plerisque</span> 
     </span>
     <span class='ocr_line' id='line_1_21' title="bbox 397 1681 1791 1736; baseline 0.001 -14"><span class='ocrx_word' id='word_1_158' title='bbox 397 1682 597 1724; x_wconf 91' lang='lat' dir='ltr'>victorum</span> <span class='ocrx_word' id='word_1_159' title='bbox 630 1682 817 1736; x_wconf 91' lang='lat' dir='ltr'>ipsorum</span> <span class='ocrx_word' id='word_1_160' title='bbox 848 1681 1201 1736; x_wconf 89' lang='lat' dir='ltr'>appellationibus</span> <span class='ocrx_word' id='word_1_161' title='bbox 1233 1682 1372 1724; x_wconf 91' lang='lat' dir='ltr'>valere</span> <span class='ocrx_word' id='word_1_162' title='bbox 1404 1698 1516 1724; x_wconf 90' lang='lat' dir='ltr'>nunc</span> <span class='ocrx_word' id='word_1_163' title='bbox 1547 1683 1791 1725; x_wconf 91' lang='lat' dir='ltr'>videbimus.</span> 
     </span>
     <span class='ocr_line' id='line_1_22' title="bbox 534 1748 1892 1806; baseline 0.001 -16"><span class='ocrx_word' id='word_1_164' title='bbox 534 1749 644 1790; x_wconf 89' lang='lat' dir='ltr'>Nam</span> <span class='ocrx_word' id='word_1_165' title='bbox 674 1749 715 1790; x_wconf 92' lang='lat' dir='ltr'>in</span> <span class='ocrx_word' id='word_1_166' title='bbox 747 1750 931 1791; x_wconf 88' lang='lat' dir='ltr'>carmine</span> <span class='ocrx_word' id='word_1_167' title='bbox 962 1748 1184 1805; x_wconf 91' lang='lat' dir='ltr'>Olympico</span> <span class='ocrx_word' id='word_1_168' title='bbox 1216 1751 1393 1805; x_wconf 91' lang='lat' dir='ltr'>septimo</span> <span class='ocrx_word' id='word_1_169' title='bbox 1425 1750 1633 1793; x_wconf 91' lang='lat' dir='ltr'>Pindarus</span> <span class='ocrx_word' id='word_1_170' title='bbox 1675 1754 1892 1806; x_wconf 88' lang='lat' dir='ltr'>postquam</span> 
     </span>
     <span class='ocr_line' id='line_1_23' title="bbox 395 1818 1892 1875; baseline 0.001 -16"><span class='ocrx_word' id='word_1_171' title='bbox 395 1819 436 1859; x_wconf 92' lang='lat' dir='ltr'>in</span> <span class='ocrx_word' id='word_1_172' title='bbox 453 1832 491 1861; x_wconf 83' lang='lat' dir='ltr'>v.</span> <span class='ocrx_word' id='word_1_173' title='bbox 510 1820 560 1860; x_wconf 89' lang='lat'>13</span> <span class='ocrx_word' id='word_1_174' title='bbox 582 1818 795 1873; x_wconf 87' lang='lat' dir='ltr'>Diagorae</span> <span class='ocrx_word' id='word_1_175' title='bbox 815 1818 971 1859; x_wconf 89' lang='lat' dir='ltr'>Rhodii</span> <span class='ocrx_word' id='word_1_176' title='bbox 990 1818 1160 1859; x_wconf 88' lang='lat' dir='ltr'>victoris</span> <span class='ocrx_word' id='word_1_177' title='bbox 1181 1832 1336 1861; x_wconf 90' lang='lat' dir='ltr'>nomen</span> <span class='ocrx_word' id='word_1_178' title='bbox 1357 1821 1571 1874; x_wconf 90' lang='lat' dir='ltr'>proprium</span> <span class='ocrx_word' id='word_1_179' title='bbox 1594 1820 1892 1875; x_wconf 88' lang='lat' dir='ltr'>pronuntiavit,</span> 
     </span>
     <span class='ocr_line' id='line_1_24' title="bbox 395 1886 1893 1942; baseline 0.001 -14"><span class='ocrx_word' id='word_1_180' title='bbox 395 1887 437 1928; x_wconf 92' lang='lat' dir='ltr'>in</span> <span class='ocrx_word' id='word_1_181' title='bbox 478 1901 514 1929; x_wconf 81' lang='lat' dir='ltr'>V.</span> <span class='ocrx_word' id='word_1_182' title='bbox 551 1889 602 1930; x_wconf 89' lang='lat'>15</span> <span class='ocrx_word' id='word_1_183' title='bbox 642 1887 815 1929; x_wconf 86' lang='lat' dir='ltr'>artificio</span> <span class='ocrx_word' id='word_1_184' title='bbox 857 1886 1039 1942; x_wconf 89' lang='lat' dir='ltr'>quodam</span> <span class='ocrx_word' id='word_1_185' title='bbox 1077 1901 1229 1929; x_wconf 90' lang='lat' dir='ltr'>nomen</span> <span class='ocrx_word' id='word_1_186' title='bbox 1270 1887 1449 1928; x_wconf 90' lang='lat' dir='ltr'>reddens</span> <span class='ocrx_word' id='word_1_187' title='bbox 1491 1887 1584 1929; x_wconf 93' lang='lat' dir='ltr'>ideo</span> <span class='ocrx_word' id='word_1_188' title='bbox 1626 1903 1672 1930; x_wconf 91' lang='lat' dir='ltr'>se</span> <span class='ocrx_word' id='word_1_189' title='bbox 1712 1889 1893 1929; x_wconf 88' lang='lat' dir='ltr'>carmine</span> 
     </span>
     <span class='ocr_line' id='line_1_25' title="bbox 395 1955 1892 2011; baseline -0.001 -14"><span class='ocrx_word' id='word_1_190' title='bbox 395 1961 608 2010; x_wconf 86' lang='lat' dir='ltr'>tamquam</span> <span class='ocrx_word' id='word_1_191' title='bbox 641 1956 853 2011; x_wconf 90' lang='lat' dir='ltr'>appulisse</span> <span class='ocrx_word' id='word_1_192' title='bbox 874 1956 1059 1997; x_wconf 90' lang='lat' dir='ltr'>animum</span> <span class='ocrx_word' id='word_1_193' title='bbox 1088 1956 1140 1996; x_wconf 90' lang='lat' dir='ltr'>ad</span> <span class='ocrx_word' id='word_1_194' title='bbox 1163 1955 1359 1997; x_wconf 93' lang='lat' dir='ltr'>Rhodum</span> <span class='ocrx_word' id='word_1_195' title='bbox 1382 1956 1563 1997; x_wconf 86' lang='lat' dir='ltr'>insulam</span> <span class='ocrx_word' id='word_1_196' title='bbox 1586 1956 1813 2008; x_wconf 88' lang='lat' dir='ltr'>contendit,</span> <span class='ocrx_word' id='word_1_197' title='bbox 1845 1962 1892 1997; x_wconf 89' lang='lat' dir='ltr'>ut</span> 
     </span>
     <span class='ocr_line' id='line_1_26' title="bbox 394 2022 1892 2081; baseline 0.001 -17"><span class='ocrx_word' id='word_1_198' title='bbox 394 2023 589 2066; x_wconf 84' lang='lat' dir='ltr'>laudaret</span> <span class='ocrx_word' id='word_1_199' title='bbox 619 2023 810 2077; x_wconf 78' lang='grc' dir='ltr'><em>πελώριον</em></span> <span class='ocrx_word' id='word_1_200' title='bbox 840 2022 964 2076; x_wconf 76' lang='grc' dir='ltr'><em>ἄνδρα</em></span> <span class='ocrx_word' id='word_1_201' title='bbox 996 2024 1089 2076; x_wconf 78' lang='grc' dir='ltr'>παρ’</span> <span class='ocrx_word' id='word_1_202' title='bbox 1119 2022 1290 2081; x_wconf 72' lang='grc' dir='ltr'><em>Ἀλφεῷ</em></span> <span class='ocrx_word' id='word_1_203' title='bbox 1310 2022 1683 2079; x_wconf 78' lang='grc' dir='ltr'><em>στεφανωσάμενον.</em></span> <span class='ocrx_word' id='word_1_204' title='bbox 1730 2024 1892 2079; x_wconf 85' lang='lat' dir='ltr'>Nempe</span> 
     </span>
     <span class='ocr_line' id='line_1_27' title="bbox 399 2091 1894 2148; baseline 0.001 -15"><span class='ocrx_word' id='word_1_205' title='bbox 399 2091 619 2146; x_wconf 88' lang='lat' dir='ltr'>Olympiae</span> <span class='ocrx_word' id='word_1_206' title='bbox 640 2092 694 2132; x_wconf 90' lang='lat' dir='ltr'>ad</span> <span class='ocrx_word' id='word_1_207' title='bbox 713 2092 867 2147; x_wconf 82' lang='lat' dir='ltr'>Alphei</span> <span class='ocrx_word' id='word_1_208' title='bbox 889 2092 1070 2134; x_wconf 91' lang='lat' dir='ltr'>fluminis</span> <span class='ocrx_word' id='word_1_209' title='bbox 1093 2106 1223 2147; x_wconf 92' lang='lat' dir='ltr'>aquas</span> <span class='ocrx_word' id='word_1_210' title='bbox 1245 2092 1454 2146; x_wconf 86' lang='lat' dir='ltr'>Diagoras</span> <span class='ocrx_word' id='word_1_211' title='bbox 1476 2094 1692 2134; x_wconf 87' lang='lat' dir='ltr'>victoriam</span> <span class='ocrx_word' id='word_1_212' title='bbox 1717 2093 1894 2148; x_wconf 89' lang='lat' dir='ltr'>adeptus</span> 
     </span>
     <span class='ocr_line' id='line_1_28' title="bbox 395 2160 1891 2218; baseline 0 -16"><span class='ocrx_word' id='word_1_213' title='bbox 395 2163 497 2202; x_wconf 89' lang='lat' dir='ltr'>erat.</span> <span class='ocrx_word' id='word_1_214' title='bbox 556 2160 720 2202; x_wconf 90' lang='lat' dir='ltr'>Deinde</span> <span class='ocrx_word' id='word_1_215' title='bbox 758 2161 799 2202; x_wconf 90' lang='lat' dir='ltr'>in</span> <span class='ocrx_word' id='word_1_216' title='bbox 831 2176 871 2203; x_wconf 91' lang='lat' dir='ltr'>v.</span> <span class='ocrx_word' id='word_1_217' title='bbox 904 2162 958 2202; x_wconf 88' lang='grc'>80</span> <span class='ocrx_word' id='word_1_218' title='bbox 996 2160 1210 2215; x_wconf 88' lang='lat' dir='ltr'>Diagorae</span> <span class='ocrx_word' id='word_1_219' title='bbox 1251 2161 1419 2203; x_wconf 90' lang='lat' dir='ltr'>nomine</span> <span class='ocrx_word' id='word_1_220' title='bbox 1463 2163 1642 2218; x_wconf 90' lang='lat' dir='ltr'>repetito</span> <span class='ocrx_word' id='word_1_221' title='bbox 1685 2166 1812 2218; x_wconf 90' lang='lat' dir='ltr'>poeta</span> <span class='ocrx_word' id='word_1_222' title='bbox 1850 2162 1891 2202; x_wconf 92' lang='lat' dir='ltr'>in</span> 
     </span>
     <span class='ocr_line' id='line_1_29' title="bbox 392 2228 1894 2285; baseline 0 -16"><span class='ocrx_word' id='word_1_223' title='bbox 392 2242 431 2271; x_wconf 79' lang='lat' dir='ltr'>V.</span> <span class='ocrx_word' id='word_1_224' title='bbox 464 2230 517 2270; x_wconf 89' lang='lat'>89</span> <span class='ocrx_word' id='word_1_225' title='bbox 549 2229 762 2281; x_wconf 91' lang='lat' dir='ltr'>victorem,</span> <span class='ocrx_word' id='word_1_226' title='bbox 793 2230 863 2283; x_wconf 93' lang='lat' dir='ltr'>qui</span> <span class='ocrx_word' id='word_1_227' title='bbox 893 2230 999 2271; x_wconf 87' lang='lat' dir='ltr'>inter</span> <span class='ocrx_word' id='word_1_228' title='bbox 1029 2230 1196 2285; x_wconf 88' lang='lat' dir='ltr'>pugiles</span> <span class='ocrx_word' id='word_1_229' title='bbox 1219 2234 1465 2281; x_wconf 88' lang='lat' dir='ltr'>certaverat,</span> <span class='ocrx_word' id='word_1_230' title='bbox 1497 2229 1623 2283; x_wconf 75' lang='grc' dir='ltr'><em>ἄνδρα</em></span> <span class='ocrx_word' id='word_1_231' title='bbox 1645 2229 1723 2279; x_wconf 61' lang='lat' dir='ltr'>mi}</span> <span class='ocrx_word' id='word_1_232' title='bbox 1743 2228 1894 2281; x_wconf 73' lang='grc' dir='ltr'><em>ἀρετάν</em></span> 
     </span>
     <span class='ocr_line' id='line_1_30' title="bbox 393 2295 1888 2353; baseline 0.001 -16"><span class='ocrx_word' id='word_1_233' title='bbox 393 2295 560 2350; x_wconf 66' lang='grc' dir='ltr'><em>εὑρόντα</em></span> <span class='ocrx_word' id='word_1_234' title='bbox 601 2301 736 2340; x_wconf 91' lang='lat' dir='ltr'>vocat.</span> <span class='ocrx_word' id='word_1_235' title='bbox 795 2297 944 2353; x_wconf 91' lang='lat' dir='ltr'>Itaque</span> <span class='ocrx_word' id='word_1_236' title='bbox 987 2298 1178 2340; x_wconf 92' lang='lat' dir='ltr'>consulto</span> <span class='ocrx_word' id='word_1_237' title='bbox 1221 2303 1263 2340; x_wconf 91' lang='lat' dir='ltr'>et</span> <span class='ocrx_word' id='word_1_238' title='bbox 1297 2298 1339 2339; x_wconf 91' lang='lat' dir='ltr'>in</span> <span class='ocrx_word' id='word_1_239' title='bbox 1372 2298 1545 2341; x_wconf 88' lang='lat' dir='ltr'>exordio</span> <span class='ocrx_word' id='word_1_240' title='bbox 1577 2303 1618 2340; x_wconf 93' lang='lat' dir='ltr'>et</span> <span class='ocrx_word' id='word_1_241' title='bbox 1647 2298 1687 2340; x_wconf 91' lang='lat' dir='ltr'>in</span> <span class='ocrx_word' id='word_1_242' title='bbox 1720 2298 1888 2353; x_wconf 88' lang='lat' dir='ltr'>epilogo</span> 
     </span>
     <span class='ocr_line' id='line_1_31' title="bbox 392 2365 1891 2422; baseline 0 -15"><span class='ocrx_word' id='word_1_243' title='bbox 392 2365 515 2408; x_wconf 91' lang='lat' dir='ltr'>huius</span> <span class='ocrx_word' id='word_1_244' title='bbox 538 2365 645 2408; x_wconf 90' lang='lat' dir='ltr'>odae</span> <span class='ocrx_word' id='word_1_245' title='bbox 668 2367 845 2421; x_wconf 89' lang='lat' dir='ltr'>primum</span> <span class='ocrx_word' id='word_1_246' title='bbox 868 2367 1034 2408; x_wconf 90' lang='lat' dir='ltr'>nomine</span> <span class='ocrx_word' id='word_1_247' title='bbox 1055 2366 1238 2422; x_wconf 88' lang='lat' dir='ltr'>proprio,</span> <span class='ocrx_word' id='word_1_248' title='bbox 1271 2366 1422 2408; x_wconf 90' lang='lat' dir='ltr'>deinde</span> <span class='ocrx_word' id='word_1_249' title='bbox 1447 2367 1586 2422; x_wconf 90' lang='lat' dir='ltr'>aliqua</span> <span class='ocrx_word' id='word_1_250' title='bbox 1607 2367 1891 2422; x_wconf 83' lang='lat' dir='ltr'>appellatione</span> 
     </span>
     <span class='ocr_line' id='line_1_32' title="bbox 391 2435 1888 2489; baseline 0 -13"><span class='ocrx_word' id='word_1_251' title='bbox 391 2448 416 2475; x_wconf 87' lang='lat' dir='ltr'>a</span> <span class='ocrx_word' id='word_1_252' title='bbox 444 2435 639 2477; x_wconf 91' lang='lat' dir='ltr'>vincendi</span> <span class='ocrx_word' id='word_1_253' title='bbox 670 2435 796 2477; x_wconf 91' lang='lat' dir='ltr'>modo</span> <span class='ocrx_word' id='word_1_254' title='bbox 827 2436 958 2489; x_wconf 91' lang='lat' dir='ltr'>petita</span> <span class='ocrx_word' id='word_1_255' title='bbox 989 2450 1089 2477; x_wconf 92' lang='lat' dir='ltr'>usus</span> <span class='ocrx_word' id='word_1_256' title='bbox 1122 2435 1287 2478; x_wconf 90' lang='lat' dir='ltr'>videtur</span> <span class='ocrx_word' id='word_1_257' title='bbox 1319 2449 1421 2478; x_wconf 90' lang='lat' dir='ltr'>esse.</span> <span class='ocrx_word' id='word_1_258' title='bbox 1486 2435 1643 2477; x_wconf 76' lang='lat' dir='ltr'>Eadem</span> <span class='ocrx_word' id='word_1_259' title='bbox 1674 2436 1761 2477; x_wconf 82' lang='lat' dir='ltr'>fere</span> <span class='ocrx_word' id='word_1_260' title='bbox 1783 2436 1888 2476; x_wconf 91' lang='lat' dir='ltr'>ratio</span> 
     </span>
     <span class='ocr_line' id='line_1_33' title="bbox 390 2503 1889 2560; baseline 0 -16"><span class='ocrx_word' id='word_1_261' title='bbox 390 2503 614 2545; x_wconf 90' lang='lat' dir='ltr'>intercedit</span> <span class='ocrx_word' id='word_1_262' title='bbox 656 2503 764 2545; x_wconf 90' lang='lat' dir='ltr'>inter</span> <span class='ocrx_word' id='word_1_263' title='bbox 809 2505 1000 2545; x_wconf 84' lang='lat' dir='ltr'>carminis</span> <span class='ocrx_word' id='word_1_264' title='bbox 1046 2504 1253 2560; x_wconf 91' lang='lat' dir='ltr'>Olympici</span> <span class='ocrx_word' id='word_1_265' title='bbox 1306 2505 1404 2546; x_wconf 90' lang='lat' dir='ltr'>noni</span> <span class='ocrx_word' id='word_1_266' title='bbox 1449 2505 1610 2546; x_wconf 85' lang='lat' dir='ltr'>initium</span> <span class='ocrx_word' id='word_1_267' title='bbox 1659 2508 1699 2545; x_wconf 91' lang='lat' dir='ltr'>et</span> <span class='ocrx_word' id='word_1_268' title='bbox 1752 2504 1889 2546; x_wconf 91' lang='lat' dir='ltr'>finem.</span> 
     </span>
     <span class='ocr_line' id='line_1_34' title="bbox 390 2570 1889 2628; baseline 0.002 -18"><span class='ocrx_word' id='word_1_269' title='bbox 390 2570 498 2611; x_wconf 88' lang='lat' dir='ltr'>Nam</span> <span class='ocrx_word' id='word_1_270' title='bbox 538 2585 632 2612; x_wconf 90' lang='lat' dir='ltr'>cum</span> <span class='ocrx_word' id='word_1_271' title='bbox 671 2573 714 2613; x_wconf 92' lang='lat' dir='ltr'>in</span> <span class='ocrx_word' id='word_1_272' title='bbox 754 2586 791 2614; x_wconf 78' lang='lat' dir='ltr'>V.</span> <span class='ocrx_word' id='word_1_273' title='bbox 826 2574 850 2612; x_wconf 93' lang='lat'>4</span> <span class='ocrx_word' id='word_1_274' title='bbox 894 2577 934 2614; x_wconf 94' lang='lat' dir='ltr'>et</span> <span class='ocrx_word' id='word_1_275' title='bbox 974 2573 1013 2613; x_wconf 93' lang='lat' dir='ltr'>in</span> <span class='ocrx_word' id='word_1_276' title='bbox 1053 2588 1092 2613; x_wconf 92' lang='lat' dir='ltr'>v.</span> <span class='ocrx_word' id='word_1_277' title='bbox 1125 2575 1176 2613; x_wconf 82' lang='lat'>87</span> <span class='ocrx_word' id='word_1_278' title='bbox 1215 2572 1484 2627; x_wconf 89' lang='lat' dir='ltr'>Epharmosti</span> <span class='ocrx_word' id='word_1_279' title='bbox 1524 2572 1697 2628; x_wconf 92' lang='lat' dir='ltr'>Opuntii</span> <span class='ocrx_word' id='word_1_280' title='bbox 1738 2586 1889 2615; x_wconf 92' lang='lat' dir='ltr'>nomen</span> 
     </span>
     <span class='ocr_line' id='line_1_35' title="bbox 389 2640 1891 2695; baseline 0.001 -16"><span class='ocrx_word' id='word_1_281' title='bbox 389 2640 605 2693; x_wconf 91' lang='lat' dir='ltr'>proprium</span> <span class='ocrx_word' id='word_1_282' title='bbox 651 2645 904 2694; x_wconf 87' lang='lat' dir='ltr'>usurpetur,</span> <span class='ocrx_word' id='word_1_283' title='bbox 954 2641 992 2681; x_wconf 91' lang='lat' dir='ltr'>in</span> <span class='ocrx_word' id='word_1_284' title='bbox 1043 2656 1081 2681; x_wconf 88' lang='lat' dir='ltr'>v.</span> <span class='ocrx_word' id='word_1_285' title='bbox 1132 2643 1182 2681; x_wconf 86' lang='grc'>13</span> <span class='ocrx_word' id='word_1_286' title='bbox 1202 2644 1298 2681; x_wconf 88' lang='lat'>--14</span> <span class='ocrx_word' id='word_1_287' title='bbox 1346 2644 1386 2681; x_wconf 93' lang='lat' dir='ltr'>et</span> <span class='ocrx_word' id='word_1_288' title='bbox 1432 2654 1470 2680; x_wconf 80' lang='lat' dir='ltr'>V.</span> <span class='ocrx_word' id='word_1_289' title='bbox 1519 2642 1599 2680; x_wconf 93' lang='lat'>110</span> <span class='ocrx_word' id='word_1_290' title='bbox 1643 2644 1770 2694; x_wconf 88' lang='lat' dir='ltr'>poeta</span> <span class='ocrx_word' id='word_1_291' title='bbox 1816 2654 1891 2695; x_wconf 91' lang='lat' dir='ltr'>per</span> 
     </span>
     <span class='ocr_line' id='line_1_36' title="bbox 389 2706 1890 2762; baseline 0.001 -14"><span class='ocrx_word' id='word_1_292' title='bbox 389 2707 589 2762; x_wconf 88' lang='lat' dir='ltr'>ambages</span> <span class='ocrx_word' id='word_1_293' title='bbox 628 2722 781 2750; x_wconf 92' lang='lat' dir='ltr'>nomen</span> <span class='ocrx_word' id='word_1_294' title='bbox 828 2708 1031 2761; x_wconf 87' lang='lat' dir='ltr'>reddidit,</span> <span class='ocrx_word' id='word_1_295' title='bbox 1074 2708 1158 2750; x_wconf 93' lang='lat' dir='ltr'>illic</span> <span class='ocrx_word' id='word_1_296' title='bbox 1203 2706 1343 2762; x_wconf 76' lang='grc' dir='ltr'><em>ἀνδρὸς</em></span> <span class='ocrx_word' id='word_1_297' title='bbox 1391 2710 1544 2758; x_wconf 80' lang='grc' dir='ltr'><em>κλεινᾶς</em></span> <span class='ocrx_word' id='word_1_298' title='bbox 1589 2708 1630 2757; x_wconf 80' lang='grc' dir='ltr'>ἐξ</span> <span class='ocrx_word' id='word_1_299' title='bbox 1668 2706 1890 2762; x_wconf 83' lang='grc' dir='ltr'><em>Ὀπόεντος,</em></span> 
     </span>
     <span class='ocr_line' id='line_1_37' title="bbox 387 2775 1888 2832; baseline 0.002 -16"><span class='ocrx_word' id='word_1_300' title='bbox 387 2775 455 2817; x_wconf 93' lang='lat' dir='ltr'>hic</span> <span class='ocrx_word' id='word_1_301' title='bbox 485 2775 595 2818; x_wconf 81' lang='grc' dir='ltr'><em>τόνδ’</em></span> <span class='ocrx_word' id='word_1_302' title='bbox 624 2775 744 2831; x_wconf 80' lang='grc' dir='ltr'><em>ἀνέρα</em></span> <span class='ocrx_word' id='word_1_303' title='bbox 773 2778 915 2819; x_wconf 89' lang='lat' dir='ltr'>verbis</span> <span class='ocrx_word' id='word_1_304' title='bbox 949 2793 1070 2830; x_wconf 89' lang='lat' dir='ltr'>usus,</span> <span class='ocrx_word' id='word_1_305' title='bbox 1110 2783 1157 2819; x_wconf 92' lang='lat' dir='ltr'>ut</span> <span class='ocrx_word' id='word_1_306' title='bbox 1188 2778 1269 2819; x_wconf 88' lang='lat' dir='ltr'>duo</span> <span class='ocrx_word' id='word_1_307' title='bbox 1302 2778 1473 2818; x_wconf 88' lang='lat' dir='ltr'>nomina</span> <span class='ocrx_word' id='word_1_308' title='bbox 1503 2777 1673 2832; x_wconf 90' lang='lat' dir='ltr'>propria</span> <span class='ocrx_word' id='word_1_309' title='bbox 1704 2783 1747 2819; x_wconf 92' lang='lat' dir='ltr'>et</span> <span class='ocrx_word' id='word_1_310' title='bbox 1777 2777 1888 2819; x_wconf 87' lang='lat' dir='ltr'>duae</span> 
     </span>
     <span class='ocr_line' id='line_1_38' title="bbox 387 2844 1889 2902; baseline 0.001 -17"><span class='ocrx_word' id='word_1_311' title='bbox 387 2844 776 2888; x_wconf 90' lang='lat' dir='ltr'>circumlocutiones</span> <span class='ocrx_word' id='word_1_312' title='bbox 807 2847 914 2888; x_wconf 89' lang='lat' dir='ltr'>inter</span> <span class='ocrx_word' id='word_1_313' title='bbox 951 2861 996 2888; x_wconf 92' lang='lat' dir='ltr'>se</span> <span class='ocrx_word' id='word_1_314' title='bbox 1038 2847 1359 2902; x_wconf 89' lang='lat' dir='ltr'>responderent.</span> <span class='ocrx_word' id='word_1_315' title='bbox 1422 2846 1611 2894; x_wconf 85' lang='lat' dir='ltr'>Quocum</span> <span class='ocrx_word' id='word_1_316' title='bbox 1649 2846 1750 2888; x_wconf 91' lang='lat' dir='ltr'>illud</span> <span class='ocrx_word' id='word_1_317' title='bbox 1793 2860 1889 2887; x_wconf 91' lang='lat' dir='ltr'>con-</span> 
     </span>
     <span class='ocr_line' id='line_1_39' title="bbox 386 2913 1888 2970; baseline 0.001 -16"><span class='ocrx_word' id='word_1_318' title='bbox 386 2913 520 2968; x_wconf 89' lang='lat' dir='ltr'>gruit,</span> <span class='ocrx_word' id='word_1_319' title='bbox 567 2913 679 2969; x_wconf 91' lang='lat' dir='ltr'>quod</span> <span class='ocrx_word' id='word_1_320' title='bbox 721 2914 913 2956; x_wconf 87' lang='lat' dir='ltr'>carminis</span> <span class='ocrx_word' id='word_1_321' title='bbox 956 2913 1168 2970; x_wconf 91' lang='lat' dir='ltr'>Olympici</span> <span class='ocrx_word' id='word_1_322' title='bbox 1212 2914 1365 2957; x_wconf 90' lang='lat' dir='ltr'>decimi</span> <span class='ocrx_word' id='word_1_323' title='bbox 1411 2914 1452 2955; x_wconf 92' lang='lat' dir='ltr'>in</span> <span class='ocrx_word' id='word_1_324' title='bbox 1498 2927 1535 2955; x_wconf 79' lang='lat' dir='ltr'>v,</span> <span class='ocrx_word' id='word_1_325' title='bbox 1579 2915 1629 2954; x_wconf 89' lang='lat'>18</span> <span class='ocrx_word' id='word_1_326' title='bbox 1673 2920 1713 2955; x_wconf 91' lang='lat' dir='ltr'>et</span> <span class='ocrx_word' id='word_1_327' title='bbox 1756 2930 1794 2957; x_wconf 92' lang='lat' dir='ltr'>v.</span> <span class='ocrx_word' id='word_1_328' title='bbox 1834 2917 1888 2956; x_wconf 84' lang='lat'>92</span> 
     </span>
    </p>
   </div>
  </div>
 </body>
</html>
