2139 3299
942 265 1059 321 [267]
1695 268 1748 310 29

258 395 430 445 Λοξίας,
471 396 542 437 sed
585 396 708 437 etiam
750 392 892 444 σκοπός
922 394 1011 447 ille,
1051 408 1173 449 quem
1203 395 1376 450 perfidia
1407 394 1626 435 Coronidis
1663 409 1747 436 non

256 463 392 517 latuit,
413 464 570 520 Apollo
593 466 657 507 sit.
712 464 920 506 Pindarus
942 464 1051 505 enim
1073 464 1288 519 vulgatam
1311 464 1363 505 de
1385 477 1513 505 corvo
1532 463 1749 506 Coronidis

258 532 471 587 proditore
501 533 687 575 fabulam
719 538 965 588 aspernatus
986 532 1227 587 Apollinem
1246 533 1381 586 ipsum
1405 533 1589 573 omnium
1610 546 1748 573 rerum

256 602 456 644 scientem
498 602 749 644 adulterium
793 600 1017 643 nefandum
1063 615 1318 655 cognoscere
1359 606 1511 643 narrat.
1581 600 1747 643 Deinde

256 675 480 726 postquam
511 672 550 712 in
583 686 621 713 v.
647 672 702 711 40
728 669 895 711 demum
921 674 1046 724 poeta
1071 668 1123 710 ad
1148 683 1301 711 nomen
1327 669 1534 724 Apollinis
1559 669 1746 722 recurrit,

255 740 293 780 in
341 755 379 781 v.
426 743 475 782 67
521 742 621 782 deus
667 739 948 794 appellatione
993 740 1176 779 Λατοΐδα
1223 743 1405 781 notatur.
1477 738 1566 780 Nec
1610 740 1746 779 minus

253 807 507 850 sollemniter
531 809 572 850 in
599 807 779 849 carmine
806 806 983 862 Pythico
1008 819 1119 848 nono
1140 806 1346 862 Apollinis
1371 821 1522 849 nomen
1546 806 1745 857 redditur,

254 891 348 918 cum
390 892 465 932 per
508 878 614 920 hanc
657 877 780 918 odam
823 876 910 917 fere
955 880 1086 917 totam
1134 882 1357 918 enarretur·
1383 892 1508 928 amor,
1552 891 1634 931 quo
1677 876 1744 917 ille

258 941 451 1000 Cyrenen
480 945 706 1001 nympham
748 944 1092 1000 amplectebatur.
1155 944 1287 992 Quam
1330 945 1518 987 sollerter
1560 945 1662 986 deus
1703 945 1743 985 in

252 1027 288 1053 v.
310 1015 335 1054 5
367 1014 513 1055 dicitur
544 1014 564 1055 ὁ
586 1013 766 1068 χαιτάεις
787 1013 1012 1063 ,ιΙατοῖὶῘαςῖ
1072 1013 1213 1061 Quid?
1243 1014 1282 1054 in
1315 1030 1353 1055 v.
1383 1017 1434 1055 10
1465 1028 1603 1056 nonne
1634 1028 1742 1055 novo

254 1080 434 1135 quodam
466 1082 639 1123 artificio
662 1082 869 1123 Pindarus
905 1096 999 1123 eum
1033 1080 1186 1123 Δάλιον
1214 1084 1338 1130 ξεῖνον
1368 1083 1583 1123 nominat?
1634 1081 1741 1123 Nam

250 1153 460 1205 tamquam
495 1151 695 1206 hospitem
730 1164 822 1190 cum
865 1150 1050 1206 nympha
1091 1164 1142 1191 ex
1175 1151 1292 1191 Pelio
1335 1155 1456 1205 rapta
1493 1152 1534 1192 in
1565 1151 1742 1204 Libyam

251 1218 485 1274 profectum
506 1219 741 1274 Apollinem
758 1218 901 1260 Venus
928 1219 1016 1274 ipsa
1043 1219 1207 1274 excepit
1235 1224 1274 1260 et
1300 1220 1466 1274 nuptias
1493 1220 1542 1260 iis
1563 1220 1740 1273 paravit.

250 1286 339 1328 Iam
371 1292 594 1343 postquam
625 1288 666 1328 in
698 1302 736 1329 v.
773 1289 823 1328 13
854 1291 979 1343 poeta
1015 1287 1133 1328 illum
1163 1287 1444 1343 appellatione
1485 1290 1576 1344 θεῷ
1617 1287 1741 1342 insig-

250 1355 364 1410 nivit,
382 1356 423 1397 in
441 1371 479 1399 v.
495 1357 660 1398 26—28
677 1355 778 1399 deus
795 1361 969 1412 apparet
987 1354 1289 1411 εὐρυφαρέτρας
1306 1355 1489 1410 ἑκάεργος
1513 1355 1740 1399 Ἀπόλλων.

250 1424 333 1465 Ubi
365 1438 458 1465 cum
490 1425 697 1465 Pindarus
740 1426 1053 1479 elegantissime
1098 1426 1300 1480 explicet,
1343 1426 1551 1480 quomodo
1592 1425 1741 1480 Apollo

251 1491 440 1546 Cyrenen
463 1493 694 1547 nympham
716 1492 938 1547 aliquando
961 1505 1055 1533 cum
1076 1493 1200 1535 leone
1222 1494 1451 1534 luctantem
1474 1494 1739 1548 conspicatus

251 1560 473 1602 Chironem
502 1561 716 1613 amicum,
744 1574 851 1615 quae
889 1560 961 1601 illa
1002 1565 1114 1601 esset
1154 1565 1196 1603 et
1236 1576 1335 1602 num
1366 1575 1509 1602 amore
1540 1563 1628 1602 eius
1658 1561 1738 1601 frui

250 1631 414 1682 liceret,
457 1629 802 1684 interrogaverit,
844 1630 885 1670 in
929 1643 999 1682 eo,
1044 1630 1114 1684 qui
1156 1630 1364 1685 sequitur,
1410 1644 1599 1671 sermone
1643 1644 1738 1671 cum

248 1697 443 1752 Apolline
480 1698 669 1738 instituto
710 1697 946 1738 Centaurus
989 1698 1098 1738 hunc
1139 1699 1180 1737 in
1221 1712 1259 1739 V.
1299 1700 1353 1738 40
1397 1697 1570 1750 „0³01”ssst
1617 1702 1658 1737 et
1696 1698 1738 1738 in

247 1781 284 1808 V.
317 1769 372 1807 44
407 1762 463 1819 „cd
494 1763 592 1806 ἄνα“
627 1765 860 1820 alloquitur.
922 1766 1140 1808 Postremo
1178 1767 1221 1807 in
1251 1781 1289 1808 v.
1321 1769 1374 1808 64
1413 1766 1582 1807 demum
1613 1771 1736 1821 poeta

248 1848 396 1875 nomen
419 1833 625 1888 Apollinis
657 1835 824 1887 repetit,
857 1835 927 1874 ubi
959 1848 1041 1876 non
1073 1838 1160 1880 tam
1186 1834 1237 1875 de
1258 1835 1348 1889 ipso
1372 1834 1581 1888 Apolline,
1613 1848 1736 1889 quam

247 1902 298 1943 de
330 1902 521 1943 Aristaeo
551 1902 635 1942 filio
670 1903 757 1943 eius
790 1918 843 1944 ex
874 1902 1040 1957 Cyrene
1079 1907 1175 1944 nato
1216 1903 1374 1956 agitur,
1416 1903 1487 1956 qui
1524 1904 1654 1957 patris
1694 1908 1735 1943 et

245 1970 354 2011 Iovis
385 1970 552 2011 nomine
583 1983 760 2024 gregum
793 1976 930 2012 custos
961 1970 1071 2026 apud
1104 1971 1287 2013 Graecos
1317 1971 1543 2013 colebatur.

381 2060 429 2101 In
472 2061 651 2101 carmine
691 2060 905 2103 Nemeaeo
947 2076 1056 2103 nono
1095 2067 1318 2117 postquam
1356 2063 1398 2102 in
1436 2076 1475 2102 v.
1519 2064 1537 2101 1
1582 2062 1732 2116 Apollo

244 2144 317 2171 suo
347 2128 512 2170 nomine
542 2128 800 2171 introductus
834 2134 909 2180 est,
939 2130 1022 2171 iam
1052 2130 1094 2171 in
1116 2144 1151 2170 v,
1173 2132 1198 2171 4
1231 2144 1383 2172 novum
1413 2129 1734 2185 praeclarissimi

245 2197 313 2239 dei
357 2198 522 2251 signum
566 2197 930 2252 deprehendimus.
1005 2197 1116 2238 Nam
1165 2198 1317 2248 δίδυμοι
1368 2200 1504 2246 παῖδες
1549 2198 1734 2240 Latonae

244 2266 383 2321 paullo
415 2271 539 2306 antea
571 2270 921 2307 commemoratae
949 2266 1133 2307 Artemis
1165 2271 1206 2307 et
1226 2266 1376 2321 Apollo
1398 2271 1508 2307 sunt.
1569 2266 1735 2307 Deinde

242 2334 283 2374 in
324 2348 363 2375 v.
405 2335 428 2375 9
471 2347 545 2388 pro
581 2334 786 2388 Apollinis
824 2335 990 2376 nomine
1031 2349 1057 2375 a
1089 2338 1218 2390 poeta
1260 2334 1528 2376 substituitur
1574 2336 1734 2386 Φοῖβος,

245 2406 286 2444 et
325 2403 363 2443 in
405 2417 444 2445 V.
477 2403 531 2443 53
569 2416 721 2443 nomen
761 2403 820 2444 ita
850 2403 1047 2455 variatur,
1090 2408 1136 2444 ut
1177 2403 1278 2444 deus
1321 2405 1526 2452 Λατοῖδας
1557 2403 1733 2445 dicatur.

379 2494 498 2536 Haec
538 2491 626 2535 fere
671 2498 765 2535 sunt
808 2495 1013 2549 carmina,
1055 2495 1095 2536 in
1140 2494 1288 2550 quibus
1331 2494 1538 2550 Apollinis
1582 2509 1732 2537 nomen

241 2563 407 2618 saepius
438 2563 607 2604 artificio
638 2563 821 2616 quodam
850 2563 1059 2604 redditum
1091 2569 1166 2605 est.
1227 2563 1309 2604 Sed
1340 2569 1386 2604 ut
1418 2563 1649 2605 Pindarum
1681 2579 1731 2605 ne

241 2632 341 2674 alibi
390 2630 559 2688 quidem
607 2645 782 2687 usquam
834 2632 876 2673 in
927 2646 1008 2675 uno
1062 2636 1287 2688 systemate
1339 2632 1390 2673 ad
1443 2631 1619 2675 eandem
1668 2632 1734 2673 dei

241 2701 566 2755 appellationem
596 2701 766 2742 rediisse
797 2702 1095 2756 perspiciatur,
1127 2716 1180 2742 ex
1210 2703 1359 2742 ceteris
1392 2717 1559 2757 quoque
1588 2703 1733 2743 carmi-

241 2767 384 2821 nibus,
416 2769 458 2810 in
488 2768 640 2824 quibus
671 2769 841 2824 quidem
870 2769 963 2825 plus
995 2783 1120 2824 quam
1160 2770 1288 2811 semel
1319 2771 1528 2826 Apollinis
1576 2771 1732 2813 mentio

243 2835 354 2878 facta
383 2837 447 2888 sit,
477 2837 586 2892 ipsos
619 2838 733 2878 locos
765 2839 1001 2881 afferemus.
1063 2839 1130 2880 Ita
1160 2839 1313 2893 legitur

375 2927 441 2971 Ol,
470 2928 558 2970 VII
589 2944 627 2971 v.
658 2930 707 2971 31
744 2930 783 2980 ἐς
814 2928 926 2980 θεὸν,
957 2945 996 2973 v.
1030 2933 1082 2972 32
1113 2929 1133 2972 ὁ
1169 2930 1459 2985 Χρυσοκόμαςς
