<?xml version="1.0" encoding="UTF-8"?>
<!DOCTYPE html PUBLIC "-//W3C//DTD XHTML 1.0 Transitional//EN"
    "http://www.w3.org/TR/xhtml1/DTD/xhtml1-transitional.dtd">
<html xmlns="http://www.w3.org/1999/xhtml" xml:lang="en" lang="en">
 <head>
  <title>
</title>
<meta http-equiv="Content-Type" content="text/html;charset=utf-8" />
  <meta name='ocr-system' content='tesseract 3.04.00' />
  <meta name='ocr-capabilities' content='ocr_page ocr_carea ocr_par ocr_line ocrx_word'/>
</head>
<body>
  <div class='ocr_page' id='page_1' title='image "4738056_0017.png"; bbox 0 0 2139 3299; ppageno 0'>
   <div class='ocr_carea' id='block_1_1' title="bbox 334 213 1138 297">
    <p class='ocr_par' dir='ltr' id='par_1_1' title="bbox 334 213 1138 297">
     <span class='ocr_line' id='line_1_1' title="bbox 334 213 1138 297; baseline 0.002 -14"><span class='ocrx_word' id='word_1_1' title='bbox 334 213 387 284; x_wconf 51' lang='lat'>1&#39;0</span> <span class='ocrx_word' id='word_1_2' title='bbox 728 230 733 238; x_wconf 84' lang='lat'><strong><em>‘</em></strong></span> <span class='ocrx_word' id='word_1_3' title='bbox 1021 242 1138 297; x_wconf 78' lang='lat'>[248]</span> 
     </span>
    </p>
   </div>
   <div class='ocr_carea' id='block_1_2' title="bbox 321 367 1829 2958">
    <p class='ocr_par' dir='ltr' id='par_1_2' title="bbox 327 367 1829 823">
     <span class='ocr_line' id='line_1_2' title="bbox 328 367 1828 424; baseline -0.001 -14"><span class='ocrx_word' id='word_1_4' title='bbox 328 368 475 421; x_wconf 77' lang='grc' dir='ltr'><em>σεμνόν</em></span> <span class='ocrx_word' id='word_1_5' title='bbox 507 368 541 410; x_wconf 72' lang='grc' dir='ltr'>τ’</span> <span class='ocrx_word' id='word_1_6' title='bbox 571 370 764 420; x_wconf 74' lang='grc' dir='ltr'><em>ἐπίνειμαι</em></span> <span class='ocrx_word' id='word_1_7' title='bbox 796 368 1043 424; x_wconf 71' lang='grc' dir='ltr'><em>ἀκριιιτήριον</em></span> <span class='ocrx_word' id='word_1_8' title='bbox 1074 367 1243 419; x_wconf 77' lang='grc' dir='ltr'>”-4λιδος</span> <span class='ocrx_word' id='word_1_9' title='bbox 1274 373 1447 411; x_wconf 77' lang='grc' dir='ltr'><em>τοιοῖσδε</em></span> <span class='ocrx_word' id='word_1_10' title='bbox 1476 369 1656 424; x_wconf 63' lang='grc' dir='ltr'><em>βέλεσσιν</em></span> <span class='ocrx_word' id='word_1_11' title='bbox 1687 369 1828 422; x_wconf 85' lang='lat' dir='ltr'>(Vene-</span> 
     </span>
     <span class='ocr_line' id='line_1_3' title="bbox 328 436 1826 494; baseline -0.001 -15"><span class='ocrx_word' id='word_1_12' title='bbox 328 437 591 494; x_wconf 83' lang='lat' dir='ltr'>randumque</span> <span class='ocrx_word' id='word_1_13' title='bbox 608 438 824 494; x_wconf 89' lang='lat' dir='ltr'>impertire</span> <span class='ocrx_word' id='word_1_14' title='bbox 839 439 1036 480; x_wconf 87' lang='lat' dir='ltr'>verticem</span> <span class='ocrx_word' id='word_1_15' title='bbox 1052 436 1184 480; x_wconf 84' lang='lat' dir='ltr'>Elidis</span> <span class='ocrx_word' id='word_1_16' title='bbox 1205 437 1359 480; x_wconf 89' lang='lat' dir='ltr'>talibus</span> <span class='ocrx_word' id='word_1_17' title='bbox 1383 437 1512 493; x_wconf 84' lang='lat' dir='ltr'>telis),</span> <span class='ocrx_word' id='word_1_18' title='bbox 1535 438 1587 481; x_wconf 88' lang='lat' dir='ltr'>ad</span> <span class='ocrx_word' id='word_1_19' title='bbox 1604 437 1826 494; x_wconf 85' lang='lat' dir='ltr'><strong>Olympiae</strong></span> 
     </span>
     <span class='ocr_line' id='line_1_4' title="bbox 329 506 1826 562; baseline -0.001 -15"><span class='ocrx_word' id='word_1_20' title='bbox 329 506 417 547; x_wconf 90' lang='lat' dir='ltr'>sive</span> <span class='ocrx_word' id='word_1_21' title='bbox 446 507 571 548; x_wconf 81' lang='lat' dir='ltr'><strong>Pisae</strong></span> <span class='ocrx_word' id='word_1_22' title='bbox 601 507 772 549; x_wconf 89' lang='lat' dir='ltr'>laudem</span> <span class='ocrx_word' id='word_1_23' title='bbox 802 507 1094 549; x_wconf 80' lang='lat' dir='ltr'>celebrandam</span> <span class='ocrx_word' id='word_1_24' title='bbox 1132 507 1402 561; x_wconf 76' lang='lat' dir='ltr'>aggreditur,</span> <span class='ocrx_word' id='word_1_25' title='bbox 1446 521 1541 549; x_wconf 91' lang='lat' dir='ltr'>cum</span> <span class='ocrx_word' id='word_1_26' title='bbox 1582 506 1826 562; x_wconf 88' lang='lat' dir='ltr'>praesertim</span> 
     </span>
     <span class='ocr_line' id='line_1_5' title="bbox 329 572 1829 631; baseline -0.001 -16"><span class='ocrx_word' id='word_1_27' title='bbox 329 573 478 616; x_wconf 81' lang='lat' dir='ltr'>addat:</span> <span class='ocrx_word' id='word_1_28' title='bbox 511 573 555 617; x_wconf 77' lang='grc' dir='ltr'>τὸ</span> <span class='ocrx_word' id='word_1_29' title='bbox 586 574 637 631; x_wconf 78' lang='grc' dir='ltr'>δή</span> <span class='ocrx_word' id='word_1_30' title='bbox 668 592 764 617; x_wconf 81' lang='grc' dir='ltr'><em>ποτε</em></span> <span class='ocrx_word' id='word_1_31' title='bbox 795 572 933 626; x_wconf 72' lang='grc' dir='ltr'><em>Λυδός</em></span> <span class='ocrx_word' id='word_1_32' title='bbox 962 573 1072 630; x_wconf 74' lang='grc' dir='ltr'><em>ἥρως</em></span> <span class='ocrx_word' id='word_1_33' title='bbox 1103 573 1253 624; x_wconf 80' lang='grc' dir='ltr'><em>Πέλοψ</em></span> <span class='ocrx_word' id='word_1_34' title='bbox 1288 572 1455 628; x_wconf 77' lang='grc' dir='ltr'><strong><em>ἐξάρατο</em></strong></span> <span class='ocrx_word' id='word_1_35' title='bbox 1484 575 1688 618; x_wconf 81' lang='grc' dir='ltr'><em>κάλλιστον</em></span> <span class='ocrx_word' id='word_1_36' title='bbox 1716 573 1829 616; x_wconf 80' lang='grc' dir='ltr'><em>ἕδνον</em></span> 
     </span>
     <span class='ocr_line' id='line_1_6' title="bbox 327 638 1828 699; baseline 0.001 -16"><span class='ocrx_word' id='word_1_37' title='bbox 327 638 613 696; x_wconf 80' lang='grc' dir='ltr'><em>Ἱπποδαμείας</em></span> <span class='ocrx_word' id='word_1_38' title='bbox 659 644 803 699; x_wconf 83' lang='lat' dir='ltr'>(quam</span> <span class='ocrx_word' id='word_1_39' title='bbox 851 645 948 685; x_wconf 88' lang='lat' dir='ltr'>olim</span> <span class='ocrx_word' id='word_1_40' title='bbox 993 644 1136 699; x_wconf 89' lang='lat' dir='ltr'>Lydus</span> <span class='ocrx_word' id='word_1_41' title='bbox 1182 644 1304 685; x_wconf 85' lang='lat' dir='ltr'>heros</span> <span class='ocrx_word' id='word_1_42' title='bbox 1352 644 1507 699; x_wconf 82' lang='lat' dir='ltr'>Pelops</span> <span class='ocrx_word' id='word_1_43' title='bbox 1552 645 1628 686; x_wconf 90' lang='lat' dir='ltr'>sibi</span> <span class='ocrx_word' id='word_1_44' title='bbox 1673 644 1828 686; x_wconf 86' lang='lat' dir='ltr'>exemit</span> 
     </span>
     <span class='ocr_line' id='line_1_7' title="bbox 328 710 1827 768; baseline 0.001 -16"><span class='ocrx_word' id='word_1_45' title='bbox 328 711 654 766; x_wconf 84' lang='lat' dir='ltr'>pulcherrimam</span> <span class='ocrx_word' id='word_1_46' title='bbox 696 712 837 754; x_wconf 90' lang='lat' dir='ltr'>dotem</span> <span class='ocrx_word' id='word_1_47' title='bbox 878 710 1238 768; x_wconf 82' lang='lat' dir='ltr'>Hippodamiae);</span> <span class='ocrx_word' id='word_1_48' title='bbox 1284 712 1456 767; x_wconf 91' lang='lat' dir='ltr'>Pelopis</span> <span class='ocrx_word' id='word_1_49' title='bbox 1501 713 1643 754; x_wconf 89' lang='lat' dir='ltr'>dotem</span> <span class='ocrx_word' id='word_1_50' title='bbox 1686 717 1827 754; x_wconf 88' lang='lat' dir='ltr'>autem</span> 
     </span>
     <span class='ocr_line' id='line_1_8' title="bbox 329 770 1162 823; baseline -0.001 -2"><span class='ocrx_word' id='word_1_51' title='bbox 329 780 470 821; x_wconf 85' lang='lat' dir='ltr'>Pisam</span> <span class='ocrx_word' id='word_1_52' title='bbox 504 781 634 822; x_wconf 87' lang='lat' dir='ltr'>fuisse</span> <span class='ocrx_word' id='word_1_53' title='bbox 664 781 747 822; x_wconf 90' lang='lat' dir='ltr'>iam</span> <span class='ocrx_word' id='word_1_54' title='bbox 777 785 906 823; x_wconf 86' lang='lat' dir='ltr'>antea</span> <span class='ocrx_word' id='word_1_55' title='bbox 936 770 1162 821; x_wconf 79' lang='lat' dir='ltr'>docuimus.</span> 
     </span>
    </p>

    <p class='ocr_par' dir='ltr' id='par_1_3' title="bbox 327 847 1826 1164">
     <span class='ocr_line' id='line_1_9' title="bbox 465 847 1825 905; baseline 0.001 -17"><span class='ocrx_word' id='word_1_56' title='bbox 465 847 595 889; x_wconf 84' lang='lat' dir='ltr'>Plura</span> <span class='ocrx_word' id='word_1_57' title='bbox 624 852 803 903; x_wconf 85' lang='lat' dir='ltr'>possunt</span> <span class='ocrx_word' id='word_1_58' title='bbox 833 847 971 889; x_wconf 83' lang='lat' dir='ltr'>afferri</span> <span class='ocrx_word' id='word_1_59' title='bbox 1004 847 1196 903; x_wconf 84' lang='lat' dir='ltr'>exempla</span> <span class='ocrx_word' id='word_1_60' title='bbox 1229 862 1281 890; x_wconf 86' lang='lat' dir='ltr'>ex</span> <span class='ocrx_word' id='word_1_61' title='bbox 1313 848 1563 891; x_wconf 81' lang='lat' dir='ltr'>carminibus</span> <span class='ocrx_word' id='word_1_62' title='bbox 1597 848 1825 905; x_wconf 89' lang='lat' dir='ltr'>Olympicis</span> 
     </span>
     <span class='ocr_line' id='line_1_10' title="bbox 327 917 1824 973; baseline 0.001 -14"><span class='ocrx_word' id='word_1_63' title='bbox 327 918 380 959; x_wconf 92' lang='lat' dir='ltr'>ad</span> <span class='ocrx_word' id='word_1_64' title='bbox 427 917 819 970; x_wconf 87' lang='lat' dir='ltr'>demonstrandum,</span> <span class='ocrx_word' id='word_1_65' title='bbox 877 932 1002 973; x_wconf 88' lang='lat' dir='ltr'>quam</span> <span class='ocrx_word' id='word_1_66' title='bbox 1048 917 1173 958; x_wconf 88' lang='lat' dir='ltr'>variis</span> <span class='ocrx_word' id='word_1_67' title='bbox 1223 917 1575 972; x_wconf 81' lang='lat' dir='ltr'>appellationibus</span> <span class='ocrx_word' id='word_1_68' title='bbox 1620 918 1824 960; x_wconf 84' lang='lat' dir='ltr'>Pindarus</span> 
     </span>
     <span class='ocr_line' id='line_1_11' title="bbox 328 985 1826 1040; baseline 0.001 -14"><span class='ocrx_word' id='word_1_69' title='bbox 328 986 604 1027; x_wconf 81' lang='lat' dir='ltr'>certaminum</span> <span class='ocrx_word' id='word_1_70' title='bbox 636 985 955 1040; x_wconf 88' lang='lat' dir='ltr'>Olympicorum</span> <span class='ocrx_word' id='word_1_71' title='bbox 985 985 1196 1039; x_wconf 88' lang='lat' dir='ltr'>regionem</span> <span class='ocrx_word' id='word_1_72' title='bbox 1230 986 1463 1038; x_wconf 55' lang='lat' dir='ltr'>ornaverim</span> <span class='ocrx_word' id='word_1_73' title='bbox 1505 985 1580 1028; x_wconf 89' lang='lat' dir='ltr'>sed</span> <span class='ocrx_word' id='word_1_74' title='bbox 1616 1000 1667 1027; x_wconf 92' lang='lat' dir='ltr'>ne</span> <span class='ocrx_word' id='word_1_75' title='bbox 1697 1000 1826 1027; x_wconf 92' lang='lat' dir='ltr'>unum</span> 
     </span>
     <span class='ocr_line' id='line_1_12' title="bbox 327 1046 1826 1111; baseline 0 -15"><span class='ocrx_word' id='word_1_76' title='bbox 327 1054 497 1110; x_wconf 78' lang='lat' dir='ltr'>quidem</span> <span class='ocrx_word' id='word_1_77' title='bbox 529 1054 755 1111; x_wconf 86' lang='lat' dir='ltr'>reperitur,</span> <span class='ocrx_word' id='word_1_78' title='bbox 796 1054 868 1096; x_wconf 92' lang='lat' dir='ltr'>ubi</span> <span class='ocrx_word' id='word_1_79' title='bbox 911 1054 963 1096; x_wconf 89' lang='lat' dir='ltr'>ad</span> <span class='ocrx_word' id='word_1_80' title='bbox 1002 1053 1115 1097; x_wconf 89' lang='lat' dir='ltr'>idem</span> <span class='ocrx_word' id='word_1_81' title='bbox 1155 1068 1309 1096; x_wconf 91' lang='lat' dir='ltr'>nomen</span> <span class='ocrx_word' id='word_1_82' title='bbox 1341 1055 1453 1096; x_wconf 81' lang='lat' dir='ltr'>intra</span> <span class='ocrx_word' id='word_1_83' title='bbox 1487 1069 1612 1096; x_wconf 90' lang='lat' dir='ltr'>unum</span> <span class='ocrx_word' id='word_1_84' title='bbox 1643 1046 1826 1110; x_wconf 83' lang='lat' dir='ltr'>systema</span> 
     </span>
     <span class='ocr_line' id='line_1_13' title="bbox 327 1127 530 1164; baseline 0.01 -2"><span class='ocrx_word' id='word_1_85' title='bbox 327 1127 530 1164; x_wconf 87' lang='lat' dir='ltr'>recurrat.</span> 
     </span>
    </p>

    <p class='ocr_par' dir='ltr' id='par_1_4' title="bbox 321 1189 1828 2958">
     <span class='ocr_line' id='line_1_14' title="bbox 467 1189 1825 1246; baseline 0.001 -15"><span class='ocrx_word' id='word_1_86' title='bbox 467 1190 746 1233; x_wconf 85' lang='lat' dir='ltr'>Transeamus</span> <span class='ocrx_word' id='word_1_87' title='bbox 776 1191 902 1246; x_wconf 87' lang='lat' dir='ltr'>igitur</span> <span class='ocrx_word' id='word_1_88' title='bbox 931 1191 985 1233; x_wconf 92' lang='lat' dir='ltr'>ad</span> <span class='ocrx_word' id='word_1_89' title='bbox 1017 1190 1202 1233; x_wconf 89' lang='lat' dir='ltr'>carmina</span> <span class='ocrx_word' id='word_1_90' title='bbox 1222 1189 1489 1232; x_wconf 86' lang='lat' dir='ltr'>PYTHICA</span> <span class='ocrx_word' id='word_1_91' title='bbox 1511 1190 1825 1243; x_wconf 88' lang='lat' dir='ltr'>consideranda,</span> 
     </span>
     <span class='ocr_line' id='line_1_15' title="bbox 328 1258 1826 1316; baseline 0.001 -15"><span class='ocrx_word' id='word_1_92' title='bbox 328 1273 449 1315; x_wconf 87' lang='lat' dir='ltr'>quae,</span> <span class='ocrx_word' id='word_1_93' title='bbox 481 1274 577 1302; x_wconf 90' lang='lat' dir='ltr'>cum</span> <span class='ocrx_word' id='word_1_94' title='bbox 606 1259 712 1302; x_wconf 90' lang='lat' dir='ltr'>ratio</span> <span class='ocrx_word' id='word_1_95' title='bbox 753 1260 796 1301; x_wconf 91' lang='lat' dir='ltr'>in</span> <span class='ocrx_word' id='word_1_96' title='bbox 837 1260 885 1302; x_wconf 92' lang='lat' dir='ltr'>iis</span> <span class='ocrx_word' id='word_1_97' title='bbox 925 1259 1071 1302; x_wconf 90' lang='lat' dir='ltr'>eadem</span> <span class='ocrx_word' id='word_1_98' title='bbox 1110 1259 1198 1301; x_wconf 85' lang='lat' dir='ltr'>fere</span> <span class='ocrx_word' id='word_1_99' title='bbox 1240 1259 1294 1301; x_wconf 89' lang='lat' dir='ltr'>sit</span> <span class='ocrx_word' id='word_1_100' title='bbox 1333 1263 1458 1315; x_wconf 90' lang='lat' dir='ltr'>atque</span> <span class='ocrx_word' id='word_1_101' title='bbox 1498 1259 1538 1301; x_wconf 92' lang='lat' dir='ltr'>in</span> <span class='ocrx_word' id='word_1_102' title='bbox 1581 1258 1826 1316; x_wconf 86' lang='lat' dir='ltr'>Olympicis,</span> 
     </span>
     <span class='ocr_line' id='line_1_16' title="bbox 328 1329 1825 1383; baseline 0 -15"><span class='ocrx_word' id='word_1_103' title='bbox 328 1330 475 1382; x_wconf 91' lang='lat' dir='ltr'>paucis</span> <span class='ocrx_word' id='word_1_104' title='bbox 497 1329 656 1370; x_wconf 84' lang='lat' dir='ltr'>absolvi</span> <span class='ocrx_word' id='word_1_105' title='bbox 679 1335 868 1383; x_wconf 87' lang='lat' dir='ltr'>possunt.</span> <span class='ocrx_word' id='word_1_106' title='bbox 917 1329 1106 1376; x_wconf 86' lang='lat' dir='ltr'>Quorum</span> <span class='ocrx_word' id='word_1_107' title='bbox 1128 1329 1358 1369; x_wconf 88' lang='lat' dir='ltr'>carminum</span> <span class='ocrx_word' id='word_1_108' title='bbox 1378 1329 1418 1369; x_wconf 92' lang='lat' dir='ltr'>in</span> <span class='ocrx_word' id='word_1_109' title='bbox 1443 1329 1576 1382; x_wconf 91' lang='lat' dir='ltr'>quinti</span> <span class='ocrx_word' id='word_1_110' title='bbox 1598 1343 1637 1370; x_wconf 90' lang='lat' dir='ltr'>v.</span> <span class='ocrx_word' id='word_1_111' title='bbox 1660 1330 1755 1368; x_wconf 86' lang='lat'>19-</span> <span class='ocrx_word' id='word_1_112' title='bbox 1771 1330 1825 1368; x_wconf 80' lang='lat'>20</span> 
     </span>
     <span class='ocr_line' id='line_1_17' title="bbox 327 1391 1828 1453; baseline 0 -16"><span class='ocrx_word' id='word_1_113' title='bbox 327 1409 422 1437; x_wconf 89' lang='lat' dir='ltr'>cum</span> <span class='ocrx_word' id='word_1_114' title='bbox 440 1397 569 1441; x_wconf 84' lang='lat' dir='ltr'>victor</span> <span class='ocrx_word' id='word_1_115' title='bbox 590 1396 739 1438; x_wconf 87' lang='lat' dir='ltr'>beatus</span> <span class='ocrx_word' id='word_1_116' title='bbox 760 1396 1025 1453; x_wconf 85' lang='lat' dir='ltr'>praedicetur</span> <span class='ocrx_word' id='word_1_117' title='bbox 1045 1399 1226 1446; x_wconf 82' lang='grc' dir='ltr'><strong><em>κλεεννᾶς</em></strong></span> <span class='ocrx_word' id='word_1_118' title='bbox 1247 1391 1361 1451; x_wconf 78' lang='grc' dir='ltr'><em>εὖχος</em></span> <span class='ocrx_word' id='word_1_119' title='bbox 1382 1394 1465 1451; x_wconf 76' lang='grc' dir='ltr'>ἤδη</span> <span class='ocrx_word' id='word_1_120' title='bbox 1487 1394 1595 1449; x_wconf 74' lang='grc' dir='ltr'><em>παρά</em></span> <span class='ocrx_word' id='word_1_121' title='bbox 1616 1394 1828 1446; x_wconf 77' lang='grc' dir='ltr'><em>Πυθιάδος</em></span> 
     </span>
     <span class='ocr_line' id='line_1_18' title="bbox 323 1464 1823 1520; baseline 0.001 -16"><span class='ocrx_word' id='word_1_122' title='bbox 323 1464 458 1514; x_wconf 72' lang='grc' dir='ltr'><em>ἵπποις</em></span> <span class='ocrx_word' id='word_1_123' title='bbox 487 1464 587 1506; x_wconf 75' lang='grc' dir='ltr'><em>ἑλών</em></span> <span class='ocrx_word' id='word_1_124' title='bbox 617 1465 802 1517; x_wconf 84' lang='lat' dir='ltr'>(famosa</span> <span class='ocrx_word' id='word_1_125' title='bbox 832 1466 915 1506; x_wconf 91' lang='lat' dir='ltr'>iam</span> <span class='ocrx_word' id='word_1_126' title='bbox 948 1480 1001 1506; x_wconf 85' lang='lat' dir='ltr'>ex</span> <span class='ocrx_word' id='word_1_127' title='bbox 1030 1464 1238 1520; x_wconf 86' lang='lat' dir='ltr'>Pythiade</span> <span class='ocrx_word' id='word_1_128' title='bbox 1269 1465 1447 1519; x_wconf 87' lang='lat' dir='ltr'>gloriam</span> <span class='ocrx_word' id='word_1_129' title='bbox 1481 1465 1596 1520; x_wconf 91' lang='lat' dir='ltr'>equis</span> <span class='ocrx_word' id='word_1_130' title='bbox 1627 1464 1823 1520; x_wconf 83' lang='lat' dir='ltr'>adeptus)</span> 
     </span>
     <span class='ocr_line' id='line_1_19' title="bbox 328 1533 1824 1589; baseline -0.001 -14"><span class='ocrx_word' id='word_1_131' title='bbox 328 1538 370 1575; x_wconf 92' lang='lat' dir='ltr'>et</span> <span class='ocrx_word' id='word_1_132' title='bbox 401 1533 440 1575; x_wconf 92' lang='lat' dir='ltr'>in</span> <span class='ocrx_word' id='word_1_133' title='bbox 482 1533 560 1575; x_wconf 91' lang='lat' dir='ltr'>hac</span> <span class='ocrx_word' id='word_1_134' title='bbox 602 1533 814 1575; x_wconf 86' lang='lat' dir='ltr'>locutione</span> <span class='ocrx_word' id='word_1_135' title='bbox 855 1547 1009 1575; x_wconf 89' lang='lat' dir='ltr'>nomen</span> <span class='ocrx_word' id='word_1_136' title='bbox 1048 1533 1210 1589; x_wconf 90' lang='lat' dir='ltr'>Pythus</span> <span class='ocrx_word' id='word_1_137' title='bbox 1250 1534 1334 1574; x_wconf 89' lang='lat' dir='ltr'>iam</span> <span class='ocrx_word' id='word_1_138' title='bbox 1372 1534 1491 1582; x_wconf 87' lang='lat' dir='ltr'>insit,</span> <span class='ocrx_word' id='word_1_139' title='bbox 1531 1534 1573 1574; x_wconf 90' lang='lat' dir='ltr'>in</span> <span class='ocrx_word' id='word_1_140' title='bbox 1614 1547 1650 1575; x_wconf 82' lang='lat' dir='ltr'>v,</span> <span class='ocrx_word' id='word_1_141' title='bbox 1683 1535 1734 1574; x_wconf 87' lang='grc'>29</span> <span class='ocrx_word' id='word_1_142' title='bbox 1774 1547 1824 1574; x_wconf 91' lang='lat' dir='ltr'>eo</span> 
     </span>
     <span class='ocr_line' id='line_1_20' title="bbox 326 1601 1827 1656; baseline -0.001 -14"><span class='ocrx_word' id='word_1_143' title='bbox 326 1601 503 1642; x_wconf 84' lang='lat' dir='ltr'>artificio</span> <span class='ocrx_word' id='word_1_144' title='bbox 535 1601 743 1655; x_wconf 86' lang='lat' dir='ltr'>redditur,</span> <span class='ocrx_word' id='word_1_145' title='bbox 774 1605 820 1643; x_wconf 92' lang='lat' dir='ltr'>ut</span> <span class='ocrx_word' id='word_1_146' title='bbox 852 1601 1084 1644; x_wconf 91' lang='lat' dir='ltr'>Carrhotus</span> <span class='ocrx_word' id='word_1_147' title='bbox 1116 1602 1318 1643; x_wconf 89' lang='lat' dir='ltr'>Arcesilai</span> <span class='ocrx_word' id='word_1_148' title='bbox 1349 1601 1461 1656; x_wconf 88' lang='lat' dir='ltr'>regis</span> <span class='ocrx_word' id='word_1_149' title='bbox 1492 1601 1639 1655; x_wconf 83' lang='lat' dir='ltr'>auriga</span> <span class='ocrx_word' id='word_1_150' title='bbox 1669 1601 1827 1642; x_wconf 89' lang='lat' dir='ltr'>dicatur</span> 
     </span>
     <span class='ocr_line' id='line_1_21' title="bbox 326 1669 1824 1727; baseline -0.001 -15"><span class='ocrx_word' id='word_1_151' title='bbox 326 1669 441 1712; x_wconf 76' lang='grc' dir='ltr'><em>ὕδατι</em></span> <span class='ocrx_word' id='word_1_152' title='bbox 459 1670 690 1722; x_wconf 78' lang='grc' dir='ltr'><strong><em>Κασταλίας</em></strong></span> <span class='ocrx_word' id='word_1_153' title='bbox 704 1672 895 1721; x_wconf 75' lang='grc' dir='ltr'><em>ξενωθείς</em></span> <span class='ocrx_word' id='word_1_154' title='bbox 910 1670 1113 1727; x_wconf 88' lang='lat' dir='ltr'>(hospitio</span> <span class='ocrx_word' id='word_1_155' title='bbox 1131 1676 1328 1725; x_wconf 88' lang='lat' dir='ltr'>acceptus</span> <span class='ocrx_word' id='word_1_156' title='bbox 1346 1671 1396 1711; x_wconf 89' lang='lat' dir='ltr'>ad</span> <span class='ocrx_word' id='word_1_157' title='bbox 1417 1684 1570 1725; x_wconf 88' lang='lat' dir='ltr'>aquam</span> <span class='ocrx_word' id='word_1_158' title='bbox 1585 1669 1824 1722; x_wconf 86' lang='lat' dir='ltr'>Castaliae).</span> 
     </span>
     <span class='ocr_line' id='line_1_22' title="bbox 326 1738 1822 1795; baseline 0.001 -15"><span class='ocrx_word' id='word_1_159' title='bbox 326 1738 434 1780; x_wconf 87' lang='lat' dir='ltr'>Nam</span> <span class='ocrx_word' id='word_1_160' title='bbox 466 1753 558 1780; x_wconf 90' lang='lat' dir='ltr'>cum</span> <span class='ocrx_word' id='word_1_161' title='bbox 588 1739 681 1781; x_wconf 86' lang='lat' dir='ltr'>fons</span> <span class='ocrx_word' id='word_1_162' title='bbox 710 1738 917 1782; x_wconf 85' lang='lat' dir='ltr'>Castalius</span> <span class='ocrx_word' id='word_1_163' title='bbox 946 1739 1002 1781; x_wconf 88' lang='lat' dir='ltr'>-ad</span> <span class='ocrx_word' id='word_1_164' title='bbox 1033 1739 1213 1781; x_wconf 89' lang='lat' dir='ltr'>radicem</span> <span class='ocrx_word' id='word_1_165' title='bbox 1245 1740 1396 1782; x_wconf 89' lang='lat' dir='ltr'>montis</span> <span class='ocrx_word' id='word_1_166' title='bbox 1419 1739 1612 1782; x_wconf 85' lang='lat' dir='ltr'>Parnassi</span> <span class='ocrx_word' id='word_1_167' title='bbox 1642 1739 1822 1795; x_wconf 88' lang='lat' dir='ltr'>profluat</span> 
     </span>
     <span class='ocr_line' id='line_1_23' title="bbox 325 1808 1825 1864; baseline 0.001 -15"><span class='ocrx_word' id='word_1_168' title='bbox 325 1822 458 1863; x_wconf 87' lang='lat' dir='ltr'>prope</span> <span class='ocrx_word' id='word_1_169' title='bbox 480 1809 682 1864; x_wconf 88' lang='lat' dir='ltr'>Delphos,</span> <span class='ocrx_word' id='word_1_170' title='bbox 714 1811 851 1851; x_wconf 84' lang='lat' dir='ltr'>verbis</span> <span class='ocrx_word' id='word_1_171' title='bbox 881 1808 997 1851; x_wconf 73' lang='grc' dir='ltr'><em>ὕδατι</em></span> <span class='ocrx_word' id='word_1_172' title='bbox 1021 1811 1255 1859; x_wconf 84' lang='grc' dir='ltr'><strong><em>Κασταλίας</em></strong></span> <span class='ocrx_word' id='word_1_173' title='bbox 1275 1809 1414 1864; x_wconf 89' lang='lat' dir='ltr'>Pytho</span> <span class='ocrx_word' id='word_1_174' title='bbox 1436 1810 1525 1864; x_wconf 87' lang='lat' dir='ltr'>ipsa</span> <span class='ocrx_word' id='word_1_175' title='bbox 1554 1809 1825 1863; x_wconf 86' lang='lat' dir='ltr'>significatur.</span> 
     </span>
     <span class='ocr_line' id='line_1_24' title="bbox 327 1870 1826 1933; baseline 0.001 -16"><span class='ocrx_word' id='word_1_176' title='bbox 327 1875 415 1918; x_wconf 89' lang='lat' dir='ltr'>Nec</span> <span class='ocrx_word' id='word_1_177' title='bbox 445 1877 579 1918; x_wconf 89' lang='lat' dir='ltr'>minus</span> <span class='ocrx_word' id='word_1_178' title='bbox 619 1877 700 1918; x_wconf 92' lang='lat' dir='ltr'>huc</span> <span class='ocrx_word' id='word_1_179' title='bbox 739 1882 953 1933; x_wconf 88' lang='lat' dir='ltr'>spectant,</span> <span class='ocrx_word' id='word_1_180' title='bbox 994 1892 1101 1933; x_wconf 89' lang='lat' dir='ltr'>quae</span> <span class='ocrx_word' id='word_1_181' title='bbox 1140 1878 1335 1932; x_wconf 88' lang='lat' dir='ltr'>leguntur</span> <span class='ocrx_word' id='word_1_182' title='bbox 1373 1878 1414 1918; x_wconf 92' lang='lat' dir='ltr'>in</span> <span class='ocrx_word' id='word_1_183' title='bbox 1456 1891 1489 1920; x_wconf 80' lang='lat' dir='ltr'>v,</span> <span class='ocrx_word' id='word_1_184' title='bbox 1529 1870 1582 1918; x_wconf 84' lang='lat'>36</span> <span class='ocrx_word' id='word_1_185' title='bbox 1622 1878 1663 1918; x_wconf 81' lang='grc' dir='ltr'><em>ἐν</em></span> <span class='ocrx_word' id='word_1_186' title='bbox 1702 1876 1826 1918; x_wconf 85' lang='grc' dir='ltr'><em>κοιλό-</em></span> 
     </span>
     <span class='ocr_line' id='line_1_25' title="bbox 325 1944 1822 2001; baseline 0.001 -17"><span class='ocrx_word' id='word_1_187' title='bbox 325 1945 445 1985; x_wconf 81' lang='grc' dir='ltr'><em>πεδον</em></span> <span class='ocrx_word' id='word_1_188' title='bbox 466 1944 588 1994; x_wconf 78' lang='grc' dir='ltr'><em>νάπος</em></span> <span class='ocrx_word' id='word_1_189' title='bbox 610 1947 724 1987; x_wconf 76' lang='grc' dir='ltr'><em>θεοῦ.</em></span> <span class='ocrx_word' id='word_1_190' title='bbox 775 1946 984 2001; x_wconf 88' lang='lat' dir='ltr'>Apollinis</span> <span class='ocrx_word' id='word_1_191' title='bbox 1007 1947 1128 1997; x_wconf 89' lang='lat' dir='ltr'>enim,</span> <span class='ocrx_word' id='word_1_192' title='bbox 1150 1947 1219 2000; x_wconf 90' lang='lat' dir='ltr'>qui</span> <span class='ocrx_word' id='word_1_193' title='bbox 1238 1946 1303 1987; x_wconf 91' lang='lat' dir='ltr'>hic</span> <span class='ocrx_word' id='word_1_194' title='bbox 1319 1946 1435 1987; x_wconf 89' lang='lat' dir='ltr'>nude</span> <span class='ocrx_word' id='word_1_195' title='bbox 1451 1945 1554 1986; x_wconf 90' lang='lat' dir='ltr'>deus</span> <span class='ocrx_word' id='word_1_196' title='bbox 1571 1945 1822 2000; x_wconf 88' lang='lat' dir='ltr'>appellatur,</span> 
     </span>
     <span class='ocr_line' id='line_1_26' title="bbox 326 2012 1822 2069; baseline 0.001 -16"><span class='ocrx_word' id='word_1_197' title='bbox 326 2026 484 2054; x_wconf 88' lang='lat' dir='ltr'>sacram</span> <span class='ocrx_word' id='word_1_198' title='bbox 517 2012 665 2054; x_wconf 92' lang='lat' dir='ltr'>urbem</span> <span class='ocrx_word' id='word_1_199' title='bbox 686 2012 931 2068; x_wconf 83' lang='lat' dir='ltr'>Pythonem</span> <span class='ocrx_word' id='word_1_200' title='bbox 960 2014 1003 2055; x_wconf 91' lang='lat' dir='ltr'>in</span> <span class='ocrx_word' id='word_1_201' title='bbox 1037 2014 1229 2055; x_wconf 87' lang='lat' dir='ltr'>carminis</span> <span class='ocrx_word' id='word_1_202' title='bbox 1250 2013 1417 2069; x_wconf 85' lang='lat' dir='ltr'>Pythici</span> <span class='ocrx_word' id='word_1_203' title='bbox 1439 2014 1548 2055; x_wconf 84' lang='lat' dir='ltr'>sexti</span> <span class='ocrx_word' id='word_1_204' title='bbox 1569 2026 1690 2054; x_wconf 88' lang='lat' dir='ltr'>versu</span> <span class='ocrx_word' id='word_1_205' title='bbox 1710 2026 1822 2055; x_wconf 90' lang='lat' dir='ltr'>nono</span> 
     </span>
     <span class='ocr_line' id='line_1_27' title="bbox 327 2080 1824 2136; baseline 0.001 -16"><span class='ocrx_word' id='word_1_206' title='bbox 327 2081 536 2121; x_wconf 87' lang='lat' dir='ltr'>Pindarus</span> <span class='ocrx_word' id='word_1_207' title='bbox 564 2082 654 2135; x_wconf 91' lang='lat' dir='ltr'>ipse</span> <span class='ocrx_word' id='word_1_208' title='bbox 682 2080 963 2122; x_wconf 79' lang='grc' dir='ltr'><em>Ἀπολλωνίαν</em></span> <span class='ocrx_word' id='word_1_209' title='bbox 991 2081 1120 2121; x_wconf 80' lang='grc' dir='ltr'><em>νάπαν</em></span> <span class='ocrx_word' id='word_1_210' title='bbox 1148 2082 1348 2123; x_wconf 89' lang='lat' dir='ltr'>nominat.</span> <span class='ocrx_word' id='word_1_211' title='bbox 1393 2081 1581 2136; x_wconf 87' lang='lat' dir='ltr'>Cumque</span> <span class='ocrx_word' id='word_1_212' title='bbox 1602 2085 1824 2135; x_wconf 86' lang='lat' dir='ltr'>praeterea</span> 
     </span>
     <span class='ocr_line' id='line_1_28' title="bbox 325 2149 1824 2205; baseline 0 -14"><span class='ocrx_word' id='word_1_213' title='bbox 325 2153 498 2192; x_wconf 90' lang='lat' dir='ltr'>auctore</span> <span class='ocrx_word' id='word_1_214' title='bbox 542 2149 768 2192; x_wconf 88' lang='lat' dir='ltr'>scholiasta</span> <span class='ocrx_word' id='word_1_215' title='bbox 811 2149 863 2190; x_wconf 82' lang='lat' dir='ltr'>ad</span> <span class='ocrx_word' id='word_1_216' title='bbox 908 2149 1028 2192; x_wconf 90' lang='lat' dir='ltr'>Iliad.</span> <span class='ocrx_word' id='word_1_217' title='bbox 1068 2149 1112 2191; x_wconf 95' lang='lat' dir='ltr'>II</span> <span class='ocrx_word' id='word_1_218' title='bbox 1155 2152 1236 2193; x_wconf 80' lang='lat'>519</span> <span class='ocrx_word' id='word_1_219' title='bbox 1280 2149 1461 2205; x_wconf 83' lang='lat' dir='ltr'>Pythoni</span> <span class='ocrx_word' id='word_1_220' title='bbox 1505 2153 1630 2191; x_wconf 89' lang='lat' dir='ltr'>antea</span> <span class='ocrx_word' id='word_1_221' title='bbox 1670 2163 1824 2191; x_wconf 86' lang='lat' dir='ltr'>nomen</span> 
     </span>
     <span class='ocr_line' id='line_1_29' title="bbox 327 2215 1826 2274; baseline 0.001 -17"><span class='ocrx_word' id='word_1_222' title='bbox 327 2219 568 2270; x_wconf 79' lang='grc' dir='ltr'><em>ΙΙαρνασσιά</em></span> <span class='ocrx_word' id='word_1_223' title='bbox 598 2215 707 2271; x_wconf 74' lang='grc' dir='ltr'><em>νάπη</em></span> <span class='ocrx_word' id='word_1_224' title='bbox 739 2221 849 2259; x_wconf 80' lang='lat' dir='ltr'>esset</span> <span class='ocrx_word' id='word_1_225' title='bbox 890 2217 1088 2269; x_wconf 85' lang='lat' dir='ltr'>inditum,</span> <span class='ocrx_word' id='word_1_226' title='bbox 1130 2218 1196 2259; x_wconf 82' lang='lat' dir='ltr'>hic</span> <span class='ocrx_word' id='word_1_227' title='bbox 1235 2232 1399 2274; x_wconf 84' lang='lat' dir='ltr'>quoque</span> <span class='ocrx_word' id='word_1_228' title='bbox 1443 2216 1667 2259; x_wconf 78' lang='grc' dir='ltr'><em>κοιλόπεδον</em></span> <span class='ocrx_word' id='word_1_229' title='bbox 1707 2215 1826 2268; x_wconf 81' lang='grc' dir='ltr'><em>νάπος</em></span> 
     </span>
     <span class='ocr_line' id='line_1_30' title="bbox 324 2285 1820 2342; baseline 0.002 -16"><span class='ocrx_word' id='word_1_230' title='bbox 324 2290 428 2327; x_wconf 75' lang='grc' dir='ltr'><em>θεοῦ</em></span> <span class='ocrx_word' id='word_1_231' title='bbox 457 2285 596 2341; x_wconf 87' lang='lat' dir='ltr'>Pytho</span> <span class='ocrx_word' id='word_1_232' title='bbox 627 2286 719 2340; x_wconf 88' lang='lat' dir='ltr'>ipsa</span> <span class='ocrx_word' id='word_1_233' title='bbox 750 2301 841 2328; x_wconf 88' lang='lat' dir='ltr'>esse</span> <span class='ocrx_word' id='word_1_234' title='bbox 874 2286 1333 2342; x_wconf 83' lang='lat' dir='ltr'>videtur,&#39;praesertim</span> <span class='ocrx_word' id='word_1_235' title='bbox 1362 2300 1445 2342; x_wconf 90' lang='lat' dir='ltr'>qua</span> <span class='ocrx_word' id='word_1_236' title='bbox 1475 2287 1516 2327; x_wconf 91' lang='lat' dir='ltr'>in</span> <span class='ocrx_word' id='word_1_237' title='bbox 1546 2287 1649 2327; x_wconf 90' lang='lat' dir='ltr'>urbe</span> <span class='ocrx_word' id='word_1_238' title='bbox 1679 2301 1820 2329; x_wconf 87' lang='lat' dir='ltr'>currus</span> 
     </span>
     <span class='ocr_line' id='line_1_31' title="bbox 324 2348 1821 2410; baseline 0.002 -16"><span class='ocrx_word' id='word_1_239' title='bbox 324 2354 393 2394; x_wconf 92' lang='lat' dir='ltr'>ille</span> <span class='ocrx_word' id='word_1_240' title='bbox 436 2354 513 2395; x_wconf 92' lang='lat' dir='ltr'>hoc</span> <span class='ocrx_word' id='word_1_241' title='bbox 553 2354 646 2395; x_wconf 93' lang='lat' dir='ltr'>loco</span> <span class='ocrx_word' id='word_1_242' title='bbox 684 2348 968 2407; x_wconf 76' lang='lat' dir='ltr'>memoratus,</span> <span class='ocrx_word' id='word_1_243' title='bbox 1017 2354 1372 2410; x_wconf 82' lang='lat' dir='ltr'>quoCarrhotus</span> <span class='ocrx_word' id='word_1_244' title='bbox 1412 2354 1614 2397; x_wconf 87' lang='lat' dir='ltr'>Arcesilai</span> <span class='ocrx_word' id='word_1_245' title='bbox 1656 2355 1821 2397; x_wconf 90' lang='lat' dir='ltr'>victoris</span> 
     </span>
     <span class='ocr_line' id='line_1_32' title="bbox 325 2422 1822 2479; baseline 0.001 -16"><span class='ocrx_word' id='word_1_246' title='bbox 325 2423 470 2477; x_wconf 85' lang='lat' dir='ltr'>auriga</span> <span class='ocrx_word' id='word_1_247' title='bbox 503 2423 718 2464; x_wconf 87' lang='lat' dir='ltr'>victoriam</span> <span class='ocrx_word' id='word_1_248' title='bbox 751 2422 928 2477; x_wconf 88' lang='lat' dir='ltr'>adeptus</span> <span class='ocrx_word' id='word_1_249' title='bbox 960 2428 1065 2476; x_wconf 77' lang='lat' dir='ltr'>erat,</span> <span class='ocrx_word' id='word_1_250' title='bbox 1098 2424 1283 2479; x_wconf 86' lang='lat' dir='ltr'>Apollini</span> <span class='ocrx_word' id='word_1_251' title='bbox 1314 2429 1428 2466; x_wconf 89' lang='lat' dir='ltr'>esset</span> <span class='ocrx_word' id='word_1_252' title='bbox 1448 2436 1674 2477; x_wconf 87' lang='lat' dir='ltr'>suspensus</span> <span class='ocrx_word' id='word_1_253' title='bbox 1695 2428 1822 2479; x_wconf 89' lang='lat' dir='ltr'>atque</span> 
     </span>
     <span class='ocr_line' id='line_1_33' title="bbox 323 2490 1822 2539; baseline 0.002 -8"><span class='ocrx_word' id='word_1_254' title='bbox 323 2491 554 2532; x_wconf 88' lang='lat' dir='ltr'>dedicatus.</span> <span class='ocrx_word' id='word_1_255' title='bbox 615 2490 757 2539; x_wconf 79' lang='lat' dir='ltr'>Quid?</span> <span class='ocrx_word' id='word_1_256' title='bbox 797 2492 839 2532; x_wconf 91' lang='lat' dir='ltr'>in</span> <span class='ocrx_word' id='word_1_257' title='bbox 872 2505 910 2534; x_wconf 80' lang='lat' dir='ltr'>v,</span> <span class='ocrx_word' id='word_1_258' title='bbox 943 2492 996 2532; x_wconf 85' lang='lat'>39</span> <span class='ocrx_word' id='word_1_259' title='bbox 1027 2506 1168 2534; x_wconf 91' lang='lat' dir='ltr'>nonne</span> <span class='ocrx_word' id='word_1_260' title='bbox 1199 2492 1390 2534; x_wconf 88' lang='lat' dir='ltr'>sollerter</span> <span class='ocrx_word' id='word_1_261' title='bbox 1430 2491 1638 2532; x_wconf 87' lang='lat' dir='ltr'>Pindarus</span> <span class='ocrx_word' id='word_1_262' title='bbox 1669 2505 1822 2534; x_wconf 90' lang='lat' dir='ltr'>nomen</span> 
     </span>
     <span class='ocr_line' id='line_1_34' title="bbox 324 2557 1822 2615; baseline 0.002 -16"><span class='ocrx_word' id='word_1_263' title='bbox 324 2558 488 2613; x_wconf 89' lang='lat' dir='ltr'>Pythus</span> <span class='ocrx_word' id='word_1_264' title='bbox 528 2559 585 2600; x_wconf 88' lang='lat' dir='ltr'>ita</span> <span class='ocrx_word' id='word_1_265' title='bbox 626 2560 827 2614; x_wconf 89' lang='lat' dir='ltr'>variavit,</span> <span class='ocrx_word' id='word_1_266' title='bbox 877 2565 922 2601; x_wconf 91' lang='lat' dir='ltr'>ut</span> <span class='ocrx_word' id='word_1_267' title='bbox 973 2574 1051 2615; x_wconf 89' lang='lat' dir='ltr'>per</span> <span class='ocrx_word' id='word_1_268' title='bbox 1100 2561 1350 2602; x_wconf 86' lang='lat' dir='ltr'>adiectivum</span> <span class='ocrx_word' id='word_1_269' title='bbox 1402 2557 1626 2611; x_wconf 73' lang='grc' dir='ltr'><em>Παρνάσιος</em></span> <span class='ocrx_word' id='word_1_270' title='bbox 1674 2560 1822 2602; x_wconf 90' lang='lat' dir='ltr'>urbem</span> 
     </span>
     <span class='ocr_line' id='line_1_35' title="bbox 323 2627 1823 2681; baseline 0.002 -14"><span class='ocrx_word' id='word_1_271' title='bbox 323 2627 611 2680; x_wconf 83' lang='lat' dir='ltr'>significaret?</span> <span class='ocrx_word' id='word_1_272' title='bbox 688 2627 813 2669; x_wconf 84' lang='lat' dir='ltr'>Certe</span> <span class='ocrx_word' id='word_1_273' title='bbox 859 2629 970 2670; x_wconf 89' lang='lat' dir='ltr'>enim</span> <span class='ocrx_word' id='word_1_274' title='bbox 1019 2628 1123 2669; x_wconf 90' lang='lat' dir='ltr'>illud</span> <span class='ocrx_word' id='word_1_275' title='bbox 1177 2628 1438 2670; x_wconf 84' lang='lat' dir='ltr'>Parnassium</span> <span class='ocrx_word' id='word_1_276' title='bbox 1488 2631 1646 2669; x_wconf 88' lang='lat' dir='ltr'>tectum</span> <span class='ocrx_word' id='word_1_277' title='bbox 1692 2627 1823 2681; x_wconf 74' lang='grc' dir='ltr'><em>(τέγος</em></span> 
     </span>
     <span class='ocr_line' id='line_1_36' title="bbox 326 2693 1825 2751; baseline 0.002 -17"><span class='ocrx_word' id='word_1_278' title='bbox 326 2693 598 2746; x_wconf 77' lang='grc' dir='ltr'><em>Παρνάσιον),</em></span> <span class='ocrx_word' id='word_1_279' title='bbox 629 2695 670 2734; x_wconf 91' lang='lat' dir='ltr'>in</span> <span class='ocrx_word' id='word_1_280' title='bbox 702 2709 783 2750; x_wconf 93' lang='lat' dir='ltr'>quo</span> <span class='ocrx_word' id='word_1_281' title='bbox 807 2694 1033 2738; x_wconf 87' lang='lat' dir='ltr'>Cretenses</span> <span class='ocrx_word' id='word_1_282' title='bbox 1065 2697 1231 2750; x_wconf 89' lang='lat' dir='ltr'>signum</span> <span class='ocrx_word' id='word_1_283' title='bbox 1262 2697 1428 2751; x_wconf 90' lang='lat' dir='ltr'>aliquod</span> <span class='ocrx_word' id='word_1_284' title='bbox 1462 2700 1716 2748; x_wconf 81' lang='lat' dir='ltr'>statuerant,</span> <span class='ocrx_word' id='word_1_285' title='bbox 1747 2696 1825 2737; x_wconf 86' lang='lat' dir='ltr'>fuit</span> 
     </span>
     <span class='ocr_line' id='line_1_37' title="bbox 322 2761 1823 2820; baseline 0.002 -17"><span class='ocrx_word' id='word_1_286' title='bbox 322 2777 430 2804; x_wconf 91' lang='lat' dir='ltr'>unus</span> <span class='ocrx_word' id='word_1_287' title='bbox 463 2776 515 2803; x_wconf 87' lang='lat' dir='ltr'>ex</span> <span class='ocrx_word' id='word_1_288' title='bbox 538 2761 752 2818; x_wconf 90' lang='lat' dir='ltr'>Delphicis</span> <span class='ocrx_word' id='word_1_289' title='bbox 784 2763 1020 2817; x_wconf 87' lang='lat' dir='ltr'>thesauris,</span> <span class='ocrx_word' id='word_1_290' title='bbox 1053 2765 1123 2820; x_wconf 91' lang='lat' dir='ltr'>qui</span> <span class='ocrx_word' id='word_1_291' title='bbox 1154 2764 1193 2805; x_wconf 89' lang='lat' dir='ltr'>in</span> <span class='ocrx_word' id='word_1_292' title='bbox 1226 2764 1442 2819; x_wconf 90' lang='lat' dir='ltr'>peribolo,</span> <span class='ocrx_word' id='word_1_293' title='bbox 1474 2764 1544 2818; x_wconf 92' lang='lat' dir='ltr'>qui</span> <span class='ocrx_word' id='word_1_294' title='bbox 1574 2764 1740 2817; x_wconf 88' lang='lat' dir='ltr'>dicitur,</span> <span class='ocrx_word' id='word_1_295' title='bbox 1771 2765 1823 2806; x_wconf 91' lang='lat' dir='ltr'>ad</span> 
     </span>
     <span class='ocr_line' id='line_1_38' title="bbox 321 2830 1821 2888; baseline 0.002 -17"><span class='ocrx_word' id='word_1_296' title='bbox 321 2830 578 2872; x_wconf 85' lang='lat' dir='ltr'>Parnassum</span> <span class='ocrx_word' id='word_1_297' title='bbox 611 2836 796 2873; x_wconf 90' lang='lat' dir='ltr'>montem</span> <span class='ocrx_word' id='word_1_298' title='bbox 826 2838 947 2874; x_wconf 90' lang='lat' dir='ltr'>erant</span> <span class='ocrx_word' id='word_1_299' title='bbox 978 2833 1057 2874; x_wconf 89' lang='lat' dir='ltr'>siti.</span> <span class='ocrx_word' id='word_1_300' title='bbox 1121 2832 1209 2874; x_wconf 91' lang='lat' dir='ltr'>Iam</span> <span class='ocrx_word' id='word_1_301' title='bbox 1243 2846 1343 2874; x_wconf 87' lang='lat' dir='ltr'>vero</span> <span class='ocrx_word' id='word_1_302' title='bbox 1374 2846 1429 2873; x_wconf 89' lang='lat' dir='ltr'>ne</span> <span class='ocrx_word' id='word_1_303' title='bbox 1456 2832 1496 2873; x_wconf 91' lang='lat' dir='ltr'>in</span> <span class='ocrx_word' id='word_1_304' title='bbox 1520 2846 1557 2874; x_wconf 76' lang='lat' dir='ltr'>v,</span> <span class='ocrx_word' id='word_1_305' title='bbox 1580 2834 1634 2874; x_wconf 88' lang='lat'>64</span> <span class='ocrx_word' id='word_1_306' title='bbox 1655 2833 1821 2888; x_wconf 92' lang='lat' dir='ltr'>quidem</span> 
     </span>
     <span class='ocr_line' id='line_1_39' title="bbox 321 2896 1819 2958; baseline 0.003 -19"><span class='ocrx_word' id='word_1_307' title='bbox 321 2903 445 2955; x_wconf 88' lang='lat' dir='ltr'>poeta</span> <span class='ocrx_word' id='word_1_308' title='bbox 479 2898 531 2951; x_wconf 87' lang='lat' dir='ltr'>ad</span> <span class='ocrx_word' id='word_1_309' title='bbox 562 2899 887 2955; x_wconf 87' lang='lat' dir='ltr'>appellationem</span> <span class='ocrx_word' id='word_1_310' title='bbox 919 2902 1001 2943; x_wconf 89' lang='lat' dir='ltr'>iam</span> <span class='ocrx_word' id='word_1_311' title='bbox 1034 2906 1156 2943; x_wconf 88' lang='lat' dir='ltr'>antea</span> <span class='ocrx_word' id='word_1_312' title='bbox 1180 2896 1425 2957; x_wconf 73' lang='lat' dir='ltr'>usurpatam</span> <span class='ocrx_word' id='word_1_313' title='bbox 1456 2901 1643 2954; x_wconf 85' lang='lat' dir='ltr'>recurrit,</span> <span class='ocrx_word' id='word_1_314' title='bbox 1675 2916 1819 2958; x_wconf 85' lang='lat' dir='ltr'>quam·</span> 
     </span>
    </p>
   </div>
  </div>
 </body>
</html>
