2139 3299
888 264 1004 322 [255]
1641 271 1691 313 17

200 393 389 450 pluribus
434 395 671 451 explicare,
729 394 820 450 quis
866 393 970 437 deus
1015 408 1086 436 eos
1130 392 1201 434 ἀπ’
1247 392 1427 445 Οἰνώνας
1471 396 1692 451 pepulerit.

201 464 420 505 Oenonam
467 464 576 506 enim
625 467 746 504 vetus
795 463 986 517 Aeginae
1039 477 1193 504 nomen
1245 463 1396 515 fuisse,
1449 465 1691 519 priusquam

200 531 390 586 Iuppiter
420 532 461 573 in
492 531 569 573 hac
599 530 737 572 insula
759 530 965 585 Aeginam
996 531 1240 586 nympham,
1272 545 1298 573 a
1327 545 1409 587 qua
1439 532 1510 573 illa
1535 546 1692 574 novum

202 601 387 643 traheret
416 614 591 653 nomen,
622 599 699 641 sibi
731 600 1025 654 coniungeret,
1057 614 1110 641 ex
1141 599 1360 641 Herodoto
1390 599 1499 643 VIII
1530 603 1606 656 46,
1638 616 1692 644 ex

200 668 404 711 Strabone
434 669 548 711 VIII
578 683 619 723 p.
643 670 737 719 375,
768 682 822 709 ex
852 669 1064 710 Pausania
1094 668 1138 710 II
1172 671 1240 723 29,
1271 670 1296 710 2
1328 675 1406 711 etc.
1438 675 1692 724 compertum

198 736 415 781 habemus.
474 738 626 793 Itaque
655 737 697 778 in
736 737 870 793 primo
910 737 1034 779 huius
1073 737 1181 779 odae
1220 741 1446 793 systemate
1486 738 1691 781 Pindarus

201 795 407 862 quattuorx
436 821 607 863 prorsus
646 807 756 848 inter
797 820 841 847 se
888 806 1063 848 diversis
1109 806 1460 861 appellationibus
1504 807 1692 861 Aeginae

199 889 348 917 nomen
379 876 597 930 expressit.
653 874 854 916 Proxima
885 874 1050 930 quidem
1082 875 1272 917 carminis
1295 889 1390 930 pars
1414 881 1529 918 caret
1551 876 1691 917 simili-

201 942 277 984 bus
308 942 767 996 circumlocutionibus,
811 956 905 985 cum
935 943 1003 984 hic
1033 956 1118 985 non
1149 957 1276 985 secus
1309 947 1434 998 atque
1470 944 1512 984 in
1542 943 1689 986 ceteris

199 1012 449 1053 carminibus
481 1011 627 1053 mediis
657 1010 745 1053 fere
776 1011 966 1053 omnibus
997 1015 1122 1066 poeta
1153 1025 1236 1053 non
1268 1011 1319 1052 de
1350 1012 1519 1054 victoris
1549 1013 1688 1066 rebus,

197 1079 272 1121 sed
305 1079 357 1121 de
390 1080 534 1121 fabula
564 1080 703 1134 aliqua
734 1078 906 1134 antiqua
937 1079 1130 1131 disserat,
1164 1093 1246 1134 qua
1276 1079 1328 1121 de
1360 1094 1403 1121 re
1433 1080 1540 1136 infra
1570 1094 1689 1122 accu-

196 1148 325 1190 ratius
368 1148 576 1198 dicemus3
623 1147 696 1189 sed
743 1147 785 1187 in
829 1147 953 1188 tertio
998 1152 1225 1202 systemate
1268 1147 1320 1188 de
1361 1149 1524 1203 integro
1570 1149 1688 1204 quasi

198 1217 358 1258 accedit
389 1216 443 1257 ad
473 1216 643 1257 laudem
674 1216 843 1256 victoris
875 1219 916 1256 et
946 1216 1109 1270 patriae
1140 1216 1240 1256 eius.
1299 1216 1531 1271 Postquam
1564 1218 1688 1272 igitur

196 1285 237 1325 in
268 1300 308 1327 v.
339 1288 388 1327 41
422 1286 577 1341 optimo
615 1285 704 1326 iure
743 1284 796 1325 ab
834 1284 924 1338 ipso
955 1278 1146 1338 Aeginae
1185 1284 1353 1325 nomine
1393 1299 1569 1327 exorsus
1610 1293 1688 1340 est,

194 1368 237 1409 in
259 1370 297 1398 v.
321 1357 373 1397 45
398 1355 597 1396 victorem
620 1354 701 1395 iam
728 1367 901 1409 puerum
923 1354 1119 1408 aequales
1140 1352 1193 1394 ad
1215 1357 1424 1395 certamen
1446 1368 1688 1409 progressos

197 1424 293 1466 οἴκοι
323 1437 542 1478 superasse
573 1422 788 1478 praedicat
819 1422 974 1463 reiecta
997 1422 1189 1463 vocabuli
1213 1421 1400 1476 Aeginae
1424 1423 1686 1477 repetitione.

197 1492 288 1534 Iam
318 1492 359 1533 in
391 1505 428 1533 v.
460 1493 511 1532 47
544 1494 652 1531 πᾶσα
683 1490 793 1539 πόλις
823 1490 987 1544 Aegina
1016 1491 1299 1545 intellegenda
1330 1494 1408 1545 est,
1441 1504 1534 1531 cum
1560 1497 1687 1547 poeta

196 1561 356 1603 insulae
388 1564 430 1601 et
461 1560 573 1600 urbis
603 1558 645 1600 in
676 1573 725 1600 ea
756 1559 859 1600 sitae
889 1559 1081 1599 notiones
1112 1558 1164 1599 de
1203 1559 1407 1600 industria
1431 1559 1684 1618 confundat.

199 1628 340 1677 Quid?
380 1628 422 1668 in
452 1642 492 1668 V.
525 1628 599 1675 53,
631 1626 703 1667 ubi
733 1627 890 1679 victor,
930 1626 1027 1680 quia
1057 1625 1318 1679 προθύροισιν
1349 1627 1509 1667 Αἰακοῦ
1536 1628 1685 1668 florum

197 1698 378 1739 virentes
409 1695 550 1736 tulerit
580 1707 752 1736 coronas
783 1708 876 1736 cum
907 1695 1024 1735 flavis
1057 1694 1224 1746 Gratiis,
1257 1694 1511 1746 celebratur,
1542 1709 1683 1737 nonne

198 1778 306 1807 novo
353 1762 536 1818 quodam
577 1762 753 1803 artificio
793 1761 1001 1803 Pindarus
1042 1761 1232 1817 Aeginae
1277 1776 1428 1804 nomen
1473 1762 1683 1804 reddidit?

197 1832 305 1874 Nam
330 1832 518 1887 quamvis
540 1828 682 1872 ‘Aeaci
702 1830 965 1872 vestibulum'
985 1830 1186 1885 templum
1208 1830 1317 1872 illius
1339 1830 1476 1872 herois
1497 1831 1684 1886 intellegi

194 1902 350 1957 possit,
389 1901 431 1941 in
473 1913 554 1955 quo
586 1899 841 1940 Themistius
882 1899 1049 1941 victoris
1087 1913 1189 1940 avus
1221 1912 1393 1941 coronas
1422 1898 1685 1955 Epidauricis

193 1971 237 2011 in
286 1968 578 2011 certaminibus
629 1972 821 2023 acceptas
878 1968 1176 2022 suspenderat,
1234 1972 1373 2009 tamen
1430 1969 1684 2021 generaliter

196 2037 403 2091 Aeginam
423 2037 600 2077 insulam
630 2040 758 2091 poeta
779 2036 998 2089 significat,
1030 2048 1137 2089 quae
1158 2035 1259 2075 mihi
1279 2034 1448 2090 quidem
1469 2036 1682 2090 aptissime

192 2106 326 2147 Aeaci
345 2104 598 2147 vestibulum
628 2104 833 2147 nominari
861 2118 986 2159 posse
1008 2103 1186 2157 videtur,
1219 2118 1311 2145 cum
1343 2104 1453 2145 hunc
1474 2119 1682 2147 summum

192 2175 300 2215 inter
344 2173 602 2228 Aeginenses
652 2173 799 2215 heroas
848 2176 962 2214 certe
1012 2176 1145 2214 totam
1194 2186 1269 2228 per
1315 2172 1492 2213 insulam
1541 2177 1684 2216 sancte

193 2242 382 2284 venerati
412 2242 504 2282 sint.
564 2242 714 2296 Itaque
754 2246 796 2282 et
836 2241 876 2281 in
921 2241 1039 2281 initio
1082 2245 1123 2281 et
1153 2241 1194 2281 in
1224 2241 1308 2282 fine
1338 2241 1462 2281 huius
1493 2242 1682 2282 carminis

190 2310 356 2364 Aegina
385 2310 522 2351 insula
552 2310 763 2364 quaternis
793 2313 919 2364 atque
938 2309 1047 2350 inter
1066 2321 1111 2349 se
1133 2306 1306 2349 diversis
1329 2308 1681 2363 appellationibus

190 2379 383 2433 insignita
416 2383 491 2429 est,
520 2378 578 2419 ita
608 2383 654 2419 ut
675 2378 852 2433 primum
874 2377 1046 2432 quidem
1066 2377 1236 2419 nomine
1257 2377 1426 2432 proprio
1451 2382 1680 2430 notaretur,

192 2446 340 2489 deinde
372 2446 762 2488 circumlocutiones
792 2459 868 2501 pro
899 2445 1088 2497 nomine,
1131 2444 1244 2500 quod
1274 2449 1468 2499 repetere
1497 2445 1679 2499 nolebat,

192 2523 319 2570 poeta
350 2514 639 2556 substitueret.

325 2582 487 2625 Eadem
524 2582 662 2624 insula
701 2582 742 2622 in
784 2581 969 2623 carmine
1011 2580 1223 2623 Nemeaeo
1264 2581 1441 2636 septimo
1480 2581 1598 2622 novis
1638 2585 1680 2623 et

190 2652 313 2694 variis
343 2650 691 2707 appellationibus
724 2656 907 2692 ornatur.
965 2649 1088 2707 Initio
1119 2649 1301 2704 quidem,
1332 2649 1402 2690 ubi
1434 2649 1683 2703 generaliter

190 2719 241 2761 de
272 2733 371 2762 vera
400 2720 547 2774 gloria,
578 2733 702 2774 quam
732 2718 810 2759 nisi
840 2718 903 2760 dis
935 2717 1168 2759 faventibus
1190 2717 1379 2758 homines
1403 2716 1576 2772 adipisci
1595 2731 1680 2759 non

189 2789 363 2842 possint,
393 2788 573 2840 disserit,
604 2787 812 2829 Pindarus
843 2787 884 2827 in
925 2790 1164 2827 transcursu
1196 2786 1387 2840 Aeginae
1427 2786 1681 2828 mentionem

189 2855 288 2897 facit
309 2856 446 2898 verbis
472 2856 548 2908 his,
580 2869 688 2911 quae
709 2869 831 2897 versu
851 2868 963 2896 nono
987 2854 1270 2896 continentur:
1302 2853 1414 2895 πόλιν
1435 2853 1684 2908 φιλόμολπον

190 2924 289 2965 οἰκεῖ
314 2922 558 2978 δορικτύπων
580 2924 780 2966 Αἰακιδᾶν
811 2921 976 2978 (urbem
1008 2923 1244 2965 cantionum
1270 2921 1498 2964 studiosam
1521 2921 1682 2964 habitat
