2139 3299
442 265 497 309 44
1129 265 1247 324 [282]

579 393 701 437 Haec
726 394 815 437 fere
841 400 937 437 sunt
964 394 1131 437 nomina
1151 394 1330 450 propria,
1356 406 1463 448 quae
1484 393 1692 436 Pindarus
1714 393 1933 436 artificiose

440 463 498 503 ita
522 463 712 516 variavit,
743 468 790 505 ut
812 469 979 518 praeter
1002 477 1144 518 pauca,
1176 476 1283 517 quae
1305 474 1430 516 supra
1455 463 1717 517 protulimus,
1739 461 1933 517 exempla

441 544 648 587 nusquam
679 532 825 574 urbem
854 533 923 574 vel
953 532 1184 582 hominem,
1225 530 1351 573 deum
1389 530 1458 572 vel
1500 530 1629 572 heroa
1666 531 1776 573 intra
1820 530 1932 572 idem

441 605 623 656 systema
654 601 717 643 bis
750 601 895 644 eodem
925 601 1095 643 nomine
1126 600 1367 655 appellaret.

1141 783 1232 837 §6.

575 875 748 930 Restat,
797 880 844 917 ut
892 879 1225 931 perscrutemur,
1277 889 1376 918 num
1428 876 1551 918 etiam
1603 876 1646 917 in
1696 874 1931 917 nominibus

440 943 804 998 appellativis
851 948 892 985 et
932 945 980 984 iis
1024 944 1257 996 vocabulis,
1303 944 1452 998 quibus
1494 958 1561 986 res
1603 944 1670 985 vel
1712 943 1931 998 qualitates

420 1011 738 1066 significantur,
769 1010 946 1054 eandem
978 1011 1141 1053 dicendi
1172 1012 1405 1053 ubertatem
1432 1015 1475 1053 et
1492 1012 1736 1054 varietatem
1767 1012 1928 1066 appeti-

439 1079 557 1121 verit.
617 1079 666 1119 In
699 1079 849 1133 quibus
882 1081 1072 1135 quamvis
1093 1080 1265 1121 Pindari
1296 1080 1482 1121 studium
1511 1080 1712 1122 vocabula
1743 1077 1930 1119 variandi

439 1147 673 1190 luculenter
690 1153 906 1204 appareat,
923 1153 1062 1191 tamen
1081 1163 1163 1191 non
1182 1162 1315 1204 aeque
1329 1149 1491 1190 curiose
1505 1152 1631 1204 atque
1643 1148 1682 1189 in
1699 1147 1931 1190 nominibus

438 1217 631 1270 propriis,
648 1230 702 1258 ne
719 1217 828 1258 intra
846 1231 976 1258 unum
991 1222 1174 1272 systema
1191 1218 1243 1259 ad
1262 1217 1435 1259 eandem
1450 1216 1775 1272 appellationem
1792 1229 1929 1257 recur-

439 1289 565 1338 reret,
603 1285 761 1327 cavisse
789 1285 968 1339 videtur,
1008 1286 1048 1327 id
1081 1287 1187 1341 quod
1220 1285 1382 1328 facilius
1412 1286 1692 1341 intellegetur,
1732 1285 1767 1327 si
1796 1299 1930 1340 genus

440 1353 680 1395 universum
711 1354 925 1395 nominum
947 1355 1297 1409 appellativorum
1329 1355 1370 1396 in
1398 1355 1558 1410 species
1581 1358 1715 1396 certas
1737 1353 1928 1395 divideri-

438 1434 544 1463 mus.
596 1421 764 1462 Etenim
795 1436 845 1463 ea
874 1422 1092 1476 vocabula,
1124 1437 1233 1477 quae
1264 1423 1480 1477 generales
1512 1423 1725 1463 hominum
1747 1422 1930 1462 rationes

439 1491 481 1530 et
509 1488 839 1532 necessitudines
870 1489 1115 1545 significant,
1145 1490 1260 1532 velut
1289 1489 1407 1545 ἀνὴρ,
1437 1489 1668 1544 ἄνθρωπος,
1698 1494 1803 1543 παῖς,
1829 1488 1928 1541 υἱός,

437 1556 584 1610 πατήρ,
616 1557 755 1611 μα’τηρ
788 1564 879 1610 etc.‚
911 1573 1004 1599 cum
1036 1560 1267 1600 sexcenties
1296 1573 1380 1600 non
1410 1560 1548 1600 solum
1567 1559 1608 1599 in
1629 1558 1775 1600 eodem
1797 1562 1930 1614 syste-

438 1629 573 1679 mate,
613 1625 687 1668 sed
719 1626 844 1668 etiam
875 1627 917 1668 in
948 1625 1095 1668 eadem
1127 1627 1301 1682 stropha
1341 1627 1520 1682 repetita
1559 1626 1663 1680 sint,
1702 1639 1873 1682 prorsus
1905 1641 1930 1669 a

439 1694 788 1735 commentatione
818 1700 962 1736 nostra
1002 1695 1404 1738 secludenda'rsunt.
1467 1695 1627 1743 Quibus
1670 1695 1806 1736 verbis
1837 1708 1929 1735 cnm

435 1776 520 1803 non
575 1763 708 1804 multo
764 1763 894 1805 maior
947 1764 989 1805 in
1046 1764 1260 1806 enuntiato
1315 1765 1378 1805 vis
1435 1778 1559 1820 quam
1614 1762 1929 1819 pronominibus

434 1830 605 1872 infuisse
652 1831 874 1886 videatur,
918 1845 1002 1874 non
1049 1832 1195 1874 habuit
1239 1833 1469 1886 Pindarus,
1521 1845 1593 1874 cur
1639 1846 1688 1874 ea
1734 1832 1927 1874 variaret.

437 1899 593 1941 Contra
627 1914 676 1941 ea
714 1900 938 1954 vocabula,
981 1914 1087 1956 quae
1127 1901 1222 1957 quia
1262 1916 1329 1944 res
1370 1915 1465 1942 cum
1506 1902 1598 1956 ipsa
1637 1904 1727 1942 arte
1766 1900 1930 1956 poetica

433 1967 500 2008 vel
530 1982 624 2010 cum
654 1968 830 2011 victoria
862 1969 1111 2011 celebranda
1137 1970 1379 2012 coniunctas
1403 1969 1706 2024 significabant,
1737 1969 1928 2023 graviora

433 2036 696 2090 videbantur,
717 2037 832 2079 velut
851 2035 976 2089 ὕμνος
997 2038 1065 2079 vel
1087 2037 1300 2093 στέφανος,
1322 2042 1452 2092 poeta
1469 2038 1542 2080 vix
1558 2038 1693 2079 minus
1710 2037 1929 2091 diligenter

434 2118 558 2160 quam
589 2105 760 2147 nomina
799 2106 966 2162 propria
1009 2107 1170 2149 variare
1211 2111 1386 2148 conatus
1430 2110 1506 2149 est.
1566 2105 1716 2161 Itaque
1761 2106 1813 2148 de
1852 2106 1929 2159 his,

434 2187 542 2229 quae
563 2173 617 2214 ad
639 2179 887 2229 apparatum
909 2176 1119 2230 poeticum
1142 2176 1364 2230 pertinent,
1386 2175 1559 2217 vocibus
1582 2175 1623 2215 in
1644 2175 1791 2215 ultima
1806 2174 1927 2215 huius

433 2243 798 2285 commentationis
827 2249 946 2298 parte
978 2245 1216 2286 accuratius
1247 2243 1525 2297 disseremus;
1559 2247 1701 2285 contra
1733 2257 1781 2284 ea
1805 2256 1927 2284 voca-

431 2311 549 2360 bula,
589 2325 698 2367 quae
743 2318 869 2368 poeta
908 2313 1033 2354 modo
1075 2314 1268 2369 repetivit
1309 2312 1435 2355 modo
1467 2312 1670 2363 variavit,
1713 2311 1924 2353 breviculo

432 2383 656 2436 conspectu
688 2381 1102 2437 comprehendemus.

567 2450 631 2492 Ac
661 2451 845 2506 primum
885 2450 1054 2507 quidem
1094 2464 1220 2506 quam
1259 2451 1396 2506 ampla
1435 2449 1766 2506 appellationum
1807 2449 1928 2504 copia

428 2519 636 2561 Pindarus
658 2519 793 2573 ipsum
825 2517 1058 2561 ‘carmen’
1081 2534 1204 2561 suum
1227 2520 1453 2569 ornaverit,
1470 2519 1700 2561 videamus.
1744 2517 1926 2559 Tantum

431 2588 540 2630 enim
583 2587 748 2639 aberat,
796 2591 842 2629 ut
882 2588 1087 2630 modestia
1130 2588 1350 2639 simulata,
1397 2587 1517 2629 sicuti
1563 2586 1717 2628 malum
1760 2590 1928 2641 poetam

430 2655 574 2709 decet,
616 2670 700 2698 non
741 2656 918 2698 multum
949 2660 1022 2697 aut
1053 2656 1155 2698 nihil
1187 2656 1367 2698 carmine
1399 2670 1476 2698 suo
1508 2655 1560 2697 ad
1593 2655 1789 2697 victorem
1822 2655 1927 2696 cele-

432 2725 639 2767 brandum
670 2726 848 2768 conferri
878 2727 1156 2781 profiteretur,
1188 2729 1235 2767 ut
1260 2731 1391 2768 artem
1414 2739 1535 2768 suam
1558 2738 1681 2780 quam
1703 2724 1927 2779 plurimum

431 2793 741 2837 commendaret
791 2799 917 2850 atque
975 2795 1184 2837 laudaret.
1271 2795 1422 2850 Itaque
1481 2808 1573 2835 cum
1625 2794 1716 2848 ipse
1765 2792 1925 2834 facinus

430 2863 669 2918 egregium,
709 2863 820 2919 quod
862 2863 1027 2919 poetica
1067 2863 1194 2905 laude
1225 2868 1409 2913 careret,
1451 2877 1526 2919 pro
1557 2861 1710 2905 infecto
1741 2861 1925 2914 haberet,

429 2931 672 2988 saepissime
695 2931 747 2973 de
769 2931 999 2975 carminum
1021 2945 1191 2975 suorum
1218 2931 1424 2989 dignitate
1443 2935 1486 2974 et
1507 2930 1640 2988 pretio
1656 2928 1924 2987 praedicavit.
