2139 3299
925 281 1044 336 [245]
1616 245 1619 247 '
1714 285 1735 325 7

243 410 424 465 spatium
477 422 647 464 operam
691 407 899 464 impendi,
944 407 1051 450 hanc
1096 412 1251 450 certam
1299 409 1438 464 legem
1486 424 1509 450 a
1555 409 1736 451 Pindaro

243 478 506 520 observatam
548 491 642 518 esse
684 477 894 529 intellexi,
943 476 1057 518 cuius
1102 478 1348 518 memoriam
1391 479 1582 520 homines
1625 479 1736 519 docti

242 546 422 589 nondum
454 545 733 587 resuscitasse
759 545 953 587 videntur
984 544 1035 586 ad
1064 545 1279 600 ingentem
1309 545 1424 587 illum
1458 545 1735 601 epithetorum

244 620 286 657 et
332 613 763 668 circumscriptionum
809 627 1030 656 numerum
1076 614 1393 669 explicandum,
1440 628 1522 669 quo
1564 613 1736 656 Pindari

248 683 380 725 oratio
414 682 640 735 conspicua
670 686 746 723 est.
799 681 880 729 Qui
909 695 990 722 non
1022 682 1147 723 modo
1170 696 1380 737 nunquam
1405 682 1593 734 verbum,
1625 683 1736 738 quod

242 750 423 805 aliquam
443 749 485 790 in
510 750 727 791 enuntiato
750 750 830 790 vim
852 749 1037 800 haberet,
1071 751 1131 791 bis
1154 750 1220 791 vel
1243 751 1409 806 saepius
1429 751 1539 791 intra
1559 751 1736 792 eandem

241 818 460 873 stropham
501 818 734 873 epodamve
781 818 941 873 posuit,
988 818 1060 860 sed
1108 819 1231 861 etiam
1277 833 1369 860 cum
1416 818 1734 873 diligentissime

242 891 433 937 caveret,
477 900 529 928 ne
561 887 670 928 intra
700 886 811 927 idem
843 887 1040 941 strophae
1070 888 1358 941 antistrophae
1395 887 1521 942 epodi
1551 892 1734 942 systema

243 955 387 997 eadem
433 969 517 996 vox
562 955 629 997 vel
676 954 801 996 dictio
847 959 1127 1010 repeteretur,
1182 955 1615 998 circumlocutionibus
1665 956 1731 998 vel

242 1023 435 1078 epithetis
468 1037 541 1079 pro
574 1023 811 1065 nominibus
840 1023 938 1078 ipsis
968 1023 1217 1078 plerumque
1248 1024 1308 1064 uti
1338 1024 1499 1067 maluit.

377 1091 501 1133 Hanc
532 1093 659 1146 igitur
689 1093 828 1146 legem
858 1092 1089 1133 accuratius
1129 1092 1205 1132 hac
1245 1092 1597 1151 commentatione
1634 1105 1731 1134 con-

246 1159 429 1202 siderare
461 1173 613 1216 operae
645 1160 822 1215 pretium
856 1159 1019 1202 videtur
1049 1174 1153 1202 esse.

942 1321 1031 1374 §L

354 1413 417 1455 Ac
447 1414 624 1467 primum
658 1413 829 1467 quidem
849 1412 1080 1464 videamus,
1110 1416 1315 1468 quatenus
1336 1417 1462 1468 poeta
1483 1412 1650 1461 caverit,
1681 1426 1733 1454 ne

238 1482 433 1533 locum,
465 1481 554 1522 ubi
586 1483 716 1523 victor
749 1481 1020 1523 celebrandus
1050 1482 1092 1522 in
1124 1483 1417 1523 certaminibus
1443 1480 1731 1522 victoriam

240 1549 468 1606 adeptus
499 1555 607 1601 erat,
639 1550 701 1592 bis
732 1549 882 1592 eodem
912 1550 1081 1591 nomine
1110 1550 1355 1606 appellaret.
1403 1549 1526 1598 Quod
1550 1548 1732 1590 maxime

242 1632 294 1660 ex
324 1619 458 1660 tribus
489 1619 629 1674 primis
661 1619 909 1661 carminibus
931 1619 1159 1673 Olympicis
1190 1620 1376 1674 intellegi
1396 1623 1549 1673 potest,
1579 1618 1732 1674 quippe

241 1687 282 1728 in
314 1687 463 1743 quibus
495 1702 560 1729 res
593 1687 931 1729 OLYMPICAE
963 1688 1014 1727 de
1042 1687 1248 1728 industria
1271 1696 1335 1729 ac
1373 1687 1510 1728 studio
1551 1686 1731 1742 quodam

241 1756 457 1811 expositae
500 1757 593 1797 sint.
660 1756 726 1797 Ita
768 1757 808 1796 in
853 1756 1032 1797 carmine
1071 1755 1291 1811 Olympico
1332 1757 1465 1810 primo
1509 1759 1731 1811 postquam

237 1824 279 1865 in
310 1839 350 1866 v.
385 1825 437 1865 71
469 1824 520 1866 ab
552 1825 641 1879 ipso
673 1825 842 1866 nomine
875 1824 1095 1879 Olympiae
1134 1824 1297 1865 initium
1339 1824 1471 1878 cepit,
1512 1823 1553 1864 in
1594 1837 1634 1865 V.
1679 1824 1729 1864 18

239 1891 448 1932 Pindarus
499 1891 677 1933 eundem
726 1892 864 1933 locum
915 1892 1055 1933 Pisam
1106 1891 1354 1946 appellavit,
1408 1905 1503 1933 cum
1550 1891 1592 1932 in
1642 1904 1727 1931 uno

238 1964 469 2015 systemate
499 1959 552 2001 ad
592 1961 703 2001 idem
738 1960 987 2002 vocabulum
1025 1973 1238 2001 recurrere
1277 1959 1422 2001 nollet.
1481 1958 1580 2002 Pisa
1623 1958 1731 2000 enim

240 2027 338 2070 urbs
371 2028 597 2084 Olympiae
627 2028 763 2069 vicina
792 2029 875 2069 iam
906 2041 1015 2069 anno
1049 2028 1382 2083 quingentesimo
1415 2026 1730 2081 septuagesimo

238 2101 335 2151 post
365 2097 581 2139 diuturnas
611 2111 774 2153 pugnas
805 2097 859 2139 ab
889 2096 1002 2140 Eleis
1043 2101 1133 2139 erat
1175 2097 1312 2139 deleta
1352 2109 1487 2151 neque
1528 2096 1569 2137 hi
1601 2095 1729 2151 patie-

240 2167 395 2223 bantur
415 2180 565 2207 novam
588 2166 733 2207 urbem
757 2166 981 2208 aedificari.
1032 2166 1199 2206 Posteri
1219 2169 1361 2206 autem
1382 2169 1534 2218 poetae
1556 2168 1733 2219 utraque

240 2234 404 2276 ratione
436 2235 610 2276 confusa
642 2239 682 2276 et
712 2236 846 2276 mixta
875 2248 1028 2276 nomen
1048 2234 1149 2276 illud
1173 2234 1396 2276 servabant
1417 2233 1469 2274 ad
1492 2232 1731 2288 Olympiam

239 2302 569 2355 significandam.
629 2302 711 2343 Sed
751 2303 833 2344 iam
874 2302 1093 2343 videamus
1135 2308 1287 2343 cetera.
1347 2302 1398 2342 In
1436 2316 1476 2342 v.
1522 2301 1631 2342 enim
1663 2302 1732 2353 20,

237 2368 307 2410 ubi
338 2368 390 2410 de
421 2370 654 2412 Pherenico
690 2371 848 2425 agitur,
889 2371 959 2426 qui
1000 2385 1132 2426 equus
1162 2369 1342 2412 Hieroni
1385 2370 1474 2423 regi
1515 2368 1731 2410 victoriam

242 2442 584 2493 comparaverat,
624 2452 699 2494 pro
740 2439 904 2481 nomine
937 2438 1159 2494 Olympiae
1190 2437 1398 2479 Pindarus
1429 2450 1582 2478 canens
1617 2433 1727 2489 „nap’

234 2503 403 2562 Ἀλφεῷ
425 2505 544 2547 aar&
581 2506 733 2562 (prope
755 2507 966 2561 Alpheum
991 2506 1191 2558 cucurrit)
1215 2505 1424 2547 substituit
1444 2505 1631 2556 fluvium,
1663 2504 1734 2558 qui

241 2574 431 2628 proxime
462 2574 699 2631 Olympiam
730 2575 1003 2630 praeterfluit.
1065 2574 1207 2623 Quid?
1238 2573 1349 2629 quod
1380 2573 1521 2614 statim
1551 2572 1591 2613 in
1617 2585 1655 2614 V.
1679 2573 1732 2613 24

237 2641 381 2693 λα’μπει
413 2640 528 2686 δέΓοι
558 2641 672 2693 κλέος
702 2645 744 2685 ἐν
774 2641 929 2697 εὐάνορι
953 2644 1096 2684 Λυδοῦ
1124 2641 1300 2691 Πέλοπος
1330 2640 1487 2698 ἀποικίᾳ
1520 2639 1733 2695 (splendet

241 2714 384 2751 autem
414 2710 502 2752 eius
535 2711 771 2766 [Hieronis]
802 2712 934 2767 gloria
965 2713 1007 2753 in
1037 2712 1267 2766 praestanti
1297 2710 1393 2751 viris
1424 2709 1533 2764 Lydi
1562 2709 1734 2764 Pelopis

239 2777 419 2831 colonia)
452 2792 561 2821 novo
595 2781 768 2823 artificio
804 2781 1024 2837 Olympiae
1053 2794 1207 2821 nomen
1247 2777 1454 2820 redditum
1494 2778 1589 2819 est?
1649 2777 1735 2819 Ubi

375 2895 385 2915 ¹
436 2893 583 2927 Numeri
625 2895 753 2929 adiecti
802 2897 885 2929 sunt
934 2893 1128 2928 secundum
1178 2892 1372 2927 editionem
1415 2892 1733 2927 Mommsenianam

240 2948 411 2981 minorem
441 2947 570 2991 (1866).
